2468 3996
124 139 167 203 411
480 137 623 194 MINUCII
643 137 781 192 FELICIS

126 306 217 350 saera
241 284 318 368 sint,
347 283 432 368 apud
456 306 537 368 quos
561 305 655 348 sexus
679 284 785 349 omnis
808 283 963 348 membris
988 285 1143 351 omnibus

124 377 261 458 prostat,
285 373 370 457 apud
394 394 474 458 quos
496 375 569 437 tota
591 371 783 456 inpudicitia
804 376 942 437 uocatur
960 373 1142 458 urbanitas,

125 463 179 546 qui
215 465 395 527 scortorum
427 460 576 525 licentiae
608 461 770 545 inuident,
802 461 859 545 qui
890 461 1017 527 medios
1050 463 1141 529 uiros

125 550 288 633 lambunt,
316 548 491 614 libidinoso
515 571 571 614 cre
593 549 783 634 inguinibus
811 549 1056 635 inhaerescunt,
1084 552 1140 617 ho-

124 642 227 704 mines
260 639 366 704 malae
398 639 531 722 linguae
560 639 658 703 etiam
691 638 718 703 si
745 642 905 720 tacerent,
937 660 1019 723 quos
1048 640 1174 723 priuss

73 745 103 793 11
126 728 284 793 taedescit
306 727 515 812 inpudicitiae
540 749 615 793 suae
640 749 735 811 quam
760 726 918 810 pudescit
952 728 1140 812 pronefas!

125 817 157 880 id
186 817 220 880 in
251 837 285 880 00
317 817 395 881 mali
428 816 582 881 facinoris
615 816 806 896 admittunt,
838 817 924 900 quod
955 838 1016 881 nec
1049 821 1141 882 aetas

73 903 235 989 29potest
257 905 326 988 pati
351 905 479 969 mollior
501 926 560 969 nec
584 905 656 988 cogi
680 905 819 970 seruitus
842 905 961 969 durior.
1000 905 1083 971 haec
1108 909 1141 971 et

125 994 310 1059 huiusmodi
332 993 494 1077 propudia
516 992 612 1057 nobis
635 993 796 1059 nonlicet
815 1014 874 1057 nec
893 992 1013 1076 audire,
1037 994 1140 1059 etiam

125 1083 272 1166 pluribus
290 1086 385 1167 turpe
405 1081 575 1147 defendere
594 1086 657 1168 est,
676 1103 714 1146 ea
732 1082 819 1146 enim
837 1081 876 1146 de
896 1082 995 1147 castis
1013 1083 1140 1166 fingitis
1153 1104 1177 1144 ro

125 1176 158 1236 01
185 1170 323 1255 pudicis,
352 1192 434 1256 quae
462 1171 532 1236 fieri
558 1192 625 1236 non
651 1171 866 1254 crederemus,
892 1171 957 1236 nisi
981 1170 1019 1234 de
1043 1171 1140 1237 uobis

90 1260 318 1344 :probaretis
377 1281 452 1324 nem
490 1259 575 1344 quod
611 1260 763 1344 religioni
803 1263 934 1325 nostrae
972 1259 1138 1325 hominem

124 1350 256 1413 noxium
285 1353 318 1412 01
346 1368 471 1413 crucem
500 1348 567 1412 eius
596 1347 793 1432 adscribitis,
821 1349 919 1432 longe
950 1347 988 1412 de
1016 1348 1139 1414 uicinia

124 1437 270 1501 ueritatis
295 1437 425 1519 erratis,
448 1436 502 1521 qui
524 1437 647 1520 putatis
672 1436 767 1501 deum
790 1437 876 1501 credi
900 1440 956 1501 aut
979 1437 1139 1503 meruisse

89 1526 258 1591 3noxium
293 1529 349 1589 aut
380 1527 525 1609 potuisse
557 1530 729 1591 terrenum.
774 1547 815 1590 110
847 1526 902 1589 1110
933 1525 1138 1609 miserabilis,
1152 1545 1177 1588 10

124 1615 214 1679 cuius
237 1616 271 1680 in
294 1615 424 1679 homine
448 1614 579 1679 mortali
605 1636 678 1699 spes
703 1616 808 1678 omnis
836 1613 1001 1699 innititur:
1030 1616 1138 1680 totum

125 1705 211 1767 enim
253 1704 321 1767 eius
362 1702 517 1767 auxilium
558 1724 629 1767 cum
668 1703 811 1767 extincto
847 1703 978 1767 homine
1014 1702 1138 1768 finitur.

88 1807 105 1855 4
124 1789 280 1876 Aegyptii
300 1813 377 1855 sane
391 1789 557 1856 hominem
573 1790 636 1855 sibi
651 1812 747 1875 quem
761 1791 871 1856 colant
885 1791 1023 1877 eligunt:
1043 1792 1139 1856 illum

124 1901 222 1943 unum
255 1879 449 1963 propitiant,
484 1879 577 1943 illum
610 1879 650 1943 de
683 1881 834 1945 omnibus
866 1880 1053 1963 consulunt,
1087 1880 1139 1944 1111

124 1968 273 2032 uictimas
297 1967 444 2033 caedunt.
485 1968 607 2051 atille,
631 1968 686 2051 qui
708 1969 824 2034 ceteris
848 1969 941 2053 deus,
963 1968 1026 2033 sibi
1049 1972 1179 2034 certeco

13 2120 16 2127 .
123 2056 221 2122 homo
249 2061 312 2141 est,
345 2056 425 2121 uelit
451 2057 549 2140 nolit3
581 2079 639 2122 nec
668 2058 754 2121 enim
782 2058 1014 2122 conscientiam
1043 2080 1138 2123 suam

88 2162 104 2212 5
124 2146 254 2230 decipit,
273 2147 301 2211 si
319 2146 406 2210 fallit
425 2146 573 2211 alienam.
606 2146 704 2211 etiam
723 2145 924 2231 principibus
943 2150 976 2211 et
994 2146 1139 2230 regibus,

123 2257 189 2300 non
215 2239 253 2299 ut
280 2235 409 2321 magnis
433 2239 465 2299 et
492 2235 603 2300 0100110
626 2234 719 2318 uiris,
747 2236 830 2299 sicut
852 2235 904 2319 fas
927 2238 991 2318 est,
1019 2235 1076 2299 sed
1099 2240 1139 2300 ut

124 2324 190 2388 deis
210 2325 349 2410 turpiter
368 2323 510 2390 adulatio
530 2323 614 2389 falsa
630 2323 805 2405 blanditur,
824 2345 897 2388 cum
917 2328 949 2389 01
967 2324 1138 2407 praeclaro

123 2414 194 2478 uiro
217 2413 324 2479 honor
347 2412 454 2477 uerius
478 2415 511 2476 et
532 2412 655 2495 optimo
675 2433 766 2477 amor
783 2412 907 2477 dulcius
926 2412 1137 2495 praebeatur:
1153 2433 1181 2474 10

124 2502 169 2564 010
197 2522 308 2565 eorum
335 2523 455 2565 numen
482 2500 649 2578 inuocant,
686 2501 726 2564 ad
754 2501 911 2586 imagines
940 2500 1138 2587 supplicant,

124 2590 253 2675 genium
287 2587 320 2652 id
349 2592 399 2653 001
427 2588 616 2653 daemonem
647 2589 694 2652 101
726 2589 917 2677 implorant,
949 2594 982 2653 et
1009 2592 1059 2653 001
1088 2590 1137 2655 010

122 2677 224 2742 tutius
249 2699 307 2761 per
329 2677 418 2741 Iouis
447 2676 577 2762 genium
601 2677 745 2760 peierare
769 2700 867 2762 quam
889 2678 986 2763 regis.
1023 2699 1136 2744 cruces

88 2783 103 2832 6
124 2767 221 2830 etiam
243 2787 302 2831 nec
321 2767 456 2832 colimus
476 2787 536 2830 nec
554 2771 714 2850 optamus.
746 2789 805 2832 uos
825 2789 911 2851 sane,
934 2767 988 2851 qui
1006 2766 1137 2850 ligneos

123 2855 199 2920 deos
223 2855 432 2939 consecratis,
454 2876 564 2921 cruces
587 2857 712 2940 ligneas
736 2859 773 2919 ut
795 2855 928 2920 deorum
952 2858 1136 2921 uestrorum
1152 2876 1180 2916 ao

88 2961 103 3008 ‘1
122 2949 232 3028 partes
250 2944 388 3009 forsitan
408 2943 560 3010 adoretis.
587 2967 663 3008 nam
683 2947 715 3008 01
733 2945 829 3030 signa
847 2945 918 3028 ipsa
933 2948 966 3008 et
980 2945 1138 3009 cantabra

123 3040 156 3098 01
175 3035 292 3098 uexilla
311 3038 489 3098 castrorum
510 3032 585 3117 quid
605 3032 692 3098 aliud
712 3054 809 3116 quam
832 3033 999 3097 inauratae
1023 3053 1135 3097 cruces

195 3215 210 3261 6
229 3207 350 3262 tedescit
367 3213 387 3259 P
404 3210 414 3276 l
434 3214 466 3261 10
485 3208 579 3262 aialim
598 3206 746 3261 defendere
765 3208 847 3276 turpe
864 3209 874 3277 1
896 3212 929 3262 15
948 3223 1000 3261 nec
1018 3205 1067 3260 ille
1087 3212 1109 3259 P
1127 3208 1136 3279 1

123 3281 157 3331 10
177 3277 207 3329 at
229 3277 379 3332 Votienus:
398 3280 534 3348 011111
554 3276 743 3333 conscentiam
761 3281 911 3348 1111114
929 3280 962 3332 ut
980 3278 1014 3332 de
1034 3256 1136 3351 010111

123 3353 157 3402 16
176 3347 309 3402 inuocant
327 3349 469 3405 Gelenius:
488 3349 591 3402 uocant
607 3354 627 3400 P
646 3350 655 3418 1
678 3354 712 3403 17
731 3349 772 3404 101
790 3351 901 3419 scripsi:
920 3349 979 3403 eius
998 3354 1018 3401 P
1037 3365 1136 3403 eorum

128 3418 266 3473 Vubteccs
294 3419 333 3488 (id
362 3422 404 3474 est
431 3421 596 3474 daemonem
624 3419 682 3474 eius
709 3420 778 3476 delet
801 3421 952 3489 Woauerue)
975 3421 1041 3489 1119
1067 3437 1137 3476 sane

124 3491 251 3562 Machly:
270 3490 353 3559 plane
371 3496 398 3545 P.
