2468 3996
202 158 246 223 34
559 158 703 213 MINUCII
720 157 857 213 FELICIS

167 322 183 370 e
201 304 283 370 haec
300 305 363 368 iam
381 326 446 370 non
466 308 542 369 sunt
560 325 661 388 sacra,
679 307 842 369 tormenta
857 307 941 368 sunt.
968 302 1069 388 quid?
1091 303 1225 371 formae

101 456 104 461 .
202 394 293 478 ipsae
317 398 350 458 et
377 393 508 459 habitus
535 414 642 457 nonne
672 396 813 478 arguunt
840 392 981 456 ludibria
1004 396 1037 456 et
1060 393 1223 460 dedecora

204 481 335 547 deorum
360 480 565 548 uestrorum?
592 480 757 546 Vulcanus
781 481 913 545 claudus
933 481 1011 545 deus
1036 486 1069 545 εὴ
1092 481 1222 568 debilis,

204 570 323 654 Apollo
342 573 395 635 tot
418 570 579 635 aetatibus
602 569 694 654 leuis,
717 568 930 653 Aesculapius
949 570 1030 634 bene
1047 570 1220 652 barbatus,

203 658 265 724 etsi
302 681 429 741 semper
466 658 679 723 adulescentis
712 658 876 741 Apollinis
908 658 1009 741 filius,
1041 657 1220 742 Neptunus

203 747 329 832 glaucis
353 748 468 832 oculis,
491 745 639 812 Minerua
663 748 789 831 caesiis,
810 747 940 811 bubulis
963 745 1055 831 Iuno,
1077 748 1219 831 pedibus

200 833 380 900 Mercurius
403 837 514 920 alatis,
536 835 605 900 Pan
628 836 807 919 ungulatis,
832 833 990 900 Saturnus
1014 837 1218 919 compeditis.

200 924 298 988 Ianus
327 947 406 990 uero
434 925 558 990 frontes
583 924 661 988 duas
686 927 808 1008 gestat,
837 924 929 1008 quasi
953 926 986 988 et
1009 946 1143 989 auersus
1167 927 1218 990 in·

201 1013 296 1077 terim
327 1013 465 1079 incedat.
505 1012 613 1078 Diana
640 1013 790 1077 uenatrix
818 1017 868 1076 est
897 1013 961 1076 alte
991 1014 1155 1078 succincta
1184 1018 1220 1079 et

200 1099 345 1185 Ephesia
363 1103 513 1166 mammis
533 1101 642 1166 multis
662 1105 695 1166 et
707 1101 861 1166 uberibus
877 1104 1040 1165 exstructa
1056 1105 1087 1166 et
1102 1101 1219 1168 Triuia

166 1212 181 1260 6
201 1191 294 1255 trinis
318 1190 478 1273 capitibus
499 1193 531 1255 et
554 1190 666 1255 multis
685 1190 837 1254 manibus
855 1189 1015 1257 horrifica.
1048 1190 1124 1274 quid
1143 1191 1217 1274 ipse

199 1279 347 1364 Iuppiter
373 1278 502 1344 uester?
532 1279 628 1344 modo
656 1279 799 1344 inberbis
823 1278 991 1362 statuitur,
1018 1277 1114 1344 modo
1138 1280 1217 1345 bar·

199 1368 310 1451 batus3
334 1371 456 1433 etcum
476 1367 641 1452 Hammon
659 1367 795 1450 locatur,
818 1367 918 1431 habet
936 1388 1066 1451 cornua,
1086 1372 1215 1434 etcum

200 1453 413 1539 Capitolinus,
432 1458 510 1520 tunc
529 1456 614 1540 gerit
631 1455 777 1540 fulmina,
796 1459 829 1519 εὴ
844 1476 915 1519 cum
930 1454 1079 1539 Latiaris,
1098 1478 1215 1523 cruore

199 1543 414 1629 perfunditur,
437 1547 469 1608 et
492 1566 565 1609 cum
582 1543 756 1628 Feretrius,
780 1565 900 1609 corona
922 1544 1074 1608 induitur.
1111 1548 1145 1609 et
1166 1567 1211 1611 ne

199 1633 329 1718 longius
357 1633 477 1699 multos
500 1632 595 1697 Ioues
619 1633 748 1718 obeam,
776 1635 828 1697 tot
851 1637 927 1698 sunt
949 1631 1037 1697 louis
1065 1638 1217 1700 monstra

166 1740 180 1788 τ
200 1728 279 1804 quot
297 1722 438 1787 nomina.
465 1721 609 1805 Erigone
628 1743 787 1805 suspensa
803 1721 842 1785 de
860 1722 975 1806 laqueo
991 1725 1049 1804 est,
1067 1725 1104 1787 ut
1118 1724 1215 1808 uirgo

199 1811 284 1873 inter
308 1815 395 1874 astra
419 1810 531 1895 agnita
553 1811 610 1893 sit,
638 1808 789 1875 Castores
813 1810 947 1874 alternis
971 1811 1153 1876 moriuntur
1176 1817 1216 1877 ut

200 1896 324 1981 uiuant,
359 1897 570 1981 Aesculapius
603 1902 640 1962 ut
673 1898 708 1962 in
735 1897 830 1963 deum
863 1901 977 1984 surgat
1008 1897 1215 1986 fulminatur,

271 2095 287 2143 2
307 2089 409 2144 decora
422 2095 450 2156 P,
464 2105 533 2146 corr.
551 2088 682 2145 Gelenius
694 2092 704 2159 l
717 2096 733 2144 3
748 2091 904 2160 piossenate
918 2091 1035 2146 claudus
1048 2091 1116 2145 deus
1131 2093 1215 2148 eiecto

199 2160 292 2214 nolim
310 2161 382 2228 pede
402 2159 501 2215 debilis
516 2161 594 2230 (deus
608 2161 695 2216 solun
709 2162 772 2217 eicit
786 2160 934 2229 Wouerus)
948 2163 959 2231 ΙΙ
972 2166 1025 2231 8,9
1041 2177 1156 2216 auersus
1171 2162 1213 2218 in·

200 2229 289 2286 cedat.
308 2229 400 2285 Diana
418 2230 532 2286 interim
551 2234 594 2287 est
611 2233 668 2286 alte
687 2233 830 2287 succincta
847 2233 977 2287 uenatrix
996 2235 1025 2287 et
1043 2233 1159 2301 ephesia
1177 2239 1213 2301 P;

198 2305 230 2357 in
247 2318 300 2357 suu
318 2304 378 2359 locu
395 2304 476 2358 reieci
493 2306 652 2374 importuna
669 2320 745 2358 nunc
762 2304 899 2358 uocabula
915 2303 1029 2358 interim
1044 2311 1069 2358 et
1081 2305 1215 2359 uenatrix

198 2376 239 2441 (εὴ
258 2375 391 2428 aduersus
412 2377 441 2430 et
454 2391 568 2429 auersus
582 2374 696 2429 incedat
708 2375 843 2445 Kocbius)
856 2376 867 2443 ΙΙ
881 2380 915 2428 10
928 2375 1060 2428 uberibus
1079 2373 1213 2432 Ursinus:

198 2444 310 2499 neribus
325 2444 357 2516 Pl
369 2445 454 2500 tribia
468 2446 549 2517 Pll12
564 2443 690 2500 inberbis
704 2463 738 2500 eu
752 2447 807 2498 -uis
822 2462 890 2500 corr.
904 2444 941 2517 Pl!
951 2451 993 2515 12,
1005 2451 1038 2507 13
1049 2445 1131 2500 modo
1146 2445 1212 2500 bar-

197 2514 280 2568 batus
299 2516 416 2570 locatur.
436 2517 547 2570 etcum
566 2518 698 2570 hammon
717 2515 821 2569 dicitur
838 2517 926 2570 habet
944 2523 976 2582 P;
998 2518 1107 2570 locatur
1125 2518 1213 2586 (quod

197 2586 266 2639 delet
288 2586 481 2655 Heumannus)
509 2591 691 2641 correcturum
717 2587 801 2641 nabeo
827 2588 905 2642 iltius
926 2588 998 2655 salso
1021 2588 1118 2656 scripti
1141 2588 1212 2642 dici-

197 2656 251 2723 tur,
270 2657 342 2725 quod
361 2656 493 2710 absonum
511 2662 549 2712 est
568 2659 642 2726 (oum
656 2657 797 2712 Hammon
816 2658 927 2726 dicitur,
945 2657 1020 2727 gerit
1037 2658 1181 2728 fulminat)
1201 2660 1213 2733 ΙΙ

198 2730 231 2779 15
258 2743 361 2781 corona
382 2724 509 2782 induitur
531 2729 676 2797 temptaui.-
703 2745 758 2783 non
781 2729 893 2783 auditur
914 2735 934 2781 P
958 2729 1059 2798 opimis
1082 2726 1213 2785 induitur

197 2797 224 2851 I.
237 2796 288 2853 Fr.
301 2797 470 2864 Gronouius;
483 2805 583 2855 aaaron
597 2800 767 2855 conunurae
781 2806 831 2855 nut
844 2801 961 2855 absonae
975 2805 1025 2854 aut
1034 2801 1056 2853 I
1055 2802 1115 2855 ouis
1125 2799 1211 2856 Fere-

196 2869 246 2922 trii
259 2871 291 2923 in
304 2874 398 2924 statua
410 2871 523 2937 speciem
536 2869 750 2942 neplepuntlllt,
762 2875 795 2925 16
807 2873 901 2926 mulin
915 2887 949 2924 ne
963 2870 1076 2940 longius
1091 2871 1210 2941 [multos

195 2939 287 3011 Ioues]
312 2938 411 2994 abeam
435 2941 544 3009 (obeam
567 2942 626 2995 sine
648 2942 745 2996 addito
763 2958 889 2996 sermone
908 2943 952 2996 uei
969 2940 1096 2996 oratione
1115 2943 1210 2998 obscu-

196 3013 268 3080 runr)
283 3013 292 3081 i
308 3016 342 3066 16
359 3009 433 3066 Iouis
452 3011 519 3066 delet
538 3011 681 3081 Sauppius
694 3014 703 3083 ΙΙ
719 3018 751 3066 Π
770 3012 845 3079 quod
863 3018 884 3065 P
899 3015 904 3082 l
918 3018 980 3081 post
998 3013 1112 3067 nomina
1130 3014 1209 3069 uber-

194 3089 275 3138 rante
297 3083 412 3138 librurio
436 3101 453 3138 u
476 3083 589 3136 nomina
612 3083 650 3137 ad
673 3082 788 3136 numina
810 3085 979 3139 intercidisse
997 3088 1068 3152 puto
1085 3085 1171 3138 uerba
1190 3103 1209 3140 a

197 3151 338 3222 Cypriane
363 3159 387 3224 1,
406 3160 422 3208 3
445 3155 633 3224 suppeditata:
657 3156 685 3208 et
707 3153 852 3208 uideamus
876 3172 912 3209 an
935 3155 972 3208 sit
995 3154 1112 3208 ethaeo
1131 3157 1208 3223 apud

196 3222 321 3292 singulos
350 3224 462 3279 ueritas.
504 3224 661 3279 Melicertes
691 3226 719 3278 et
741 3222 901 3281 Leucothea
925 3222 1148 3294 praecipitantur
1176 3226 1209 3281 in

195 3295 284 3347 maria
308 3297 337 3348 et
359 3296 429 3349 fiunt
451 3296 628 3365 postmodum
652 3294 737 3349 maris
755 3296 871 3351 numina
893 3298 903 3366 i
926 3301 959 3350 18
979 3296 1076 3365 agnita
1094 3297 1209 3365 scripsi.-

194 3365 293 3433 ignatu
312 3371 332 3416 P
354 3366 445 3434 ignita
467 3368 550 3436 uulpo
574 3367 735 3421 otiosissime
758 3368 886 3435 epitheto;
908 3369 1031 3437 seqnitur
1050 3367 1122 3421 Min.
1147 3384 1208 3422 earn

193 3436 316 3576 ssrIlrulue)
331 3437 463 3505 fornum,
489 3455 545 3507 pun
566 3437 693 3492 Bocchus
717 3440 841 3508 corrupit
863 3439 1007 3508 Eriponen
1030 3438 1121 3507 (Ouid.
1145 3445 1206 3495 met.
