2468 3996
72 189 190 247 XXVIII
376 189 545 246 EDITORIS
563 186 779 244 PRAEFATIO.

74 336 239 400 artibusue
272 338 348 400 sunt
375 333 549 400 commenti
580 354 684 419 neque
712 333 844 397 omnino
877 333 912 398 in
940 333 1090 419 disputa-

72 424 194 488 tionem
218 423 271 488 hic
294 426 458 488 uocantur.
496 422 662 506 scriptoris
686 425 795 485 autem
819 423 981 488 sententia
1004 424 1088 491 haec

74 516 135 576 est:
109 512 250 576 tdiuit
236 515 285 576 tes
314 511 432 595 opibus
464 511 531 576 suis
563 511 705 611 exempti
733 511 819 574 curis
846 512 985 576 terrenis
1013 535 1089 578 cum

73 603 209 703 possent
235 601 359 664 caelum
387 601 551 683 suspicere
574 599 638 663 et
628 620 664 662 ιιι
686 620 739 663 res
762 599 923 663 diuinas'
914 601 1090 689 inquirere,

75 690 157 774 ipsis
182 688 287 752 diuit‘
250 691 306 753 tus
333 688 469 771 inpedIti
492 709 620 772 semper
642 708 756 751 aurum
780 687 943 771 suspicere
965 689 1089 755 malue-

74 781 165 859 run;t
190 780 357 841 utcontra
379 798 537 860 pauperes
560 776 650 840 faece
673 779 803 839 terrena
821 775 997 859 depressi
988 799 1089 863 mque

74 825 207 929 humdm
227 865 344 930 abiecti
363 886 436 929 ecce
455 865 537 929 bene
555 866 744 928 meruerunt
760 863 798 927 de
813 884 929 950 genere
943 865 1090 933 humano

49 953 216 1017 'inuentis
236 954 311 1018 suis
340 954 481 1017 eruimus
498 952 600 1037 Igitur
613 951 820 1037 prostratos'
836 974 874 1017 ex
889 951 1091 1042 nostratee'·

77 1062 137 1106 nec
168 1041 353 1106 dubitamus
386 1042 465 1127 quin
496 1040 651 1106 Octauius
684 1041 724 1104 ad
755 1040 837 1104 illud
865 1007 1091 1108 Caecilianum,

76 1129 125 1193 in
148 1133 269 1194 terram
292 1129 444 1213 proiecti'
467 1126 509 1214 (c.
527 1129 549 1194 5
553 1127 619 1215 ,6)
644 1128 808 1194 adluserit
843 1129 954 1194 eadem
979 1136 1091 1196 autem

75 1218 284 1304 neglegentia
317 1218 482 1301 stupidum
513 1179 720 1282 librariorum
748 1237 849 1302 genus
877 1217 1024 1283 foedauit
1051 1240 1091 1285 ea

77 1328 159 1391 quae
187 1309 350 1389 secuntur,
379 1306 536 1390 siquidem
565 1306 641 1390 quid
670 1305 733 1370 sibi
756 1305 836 1370 uelit
863 1309 920 1370 aut
943 1305 1092 1372 ‘commi-

74 1395 159 1459 nisci
187 1394 406 1478 prudentiam'
434 1396 491 1458 aut
518 1393 717 1478 ‘prudentiae
744 1393 929 1477 discipliua'
958 1395 1004 1461 eis
1033 1397 1090 1482 qui

76 1482 189 1566 inepta
224 1482 390 1567 refugiunt
422 1483 705 1548 obscurrissimum
737 1486 800 1566 est,
832 1502 945 1547 uerum
979 1487 1091 1550 autem

77 1571 182 1654 aperit
209 1570 242 1634 id
270 1571 356 1656 quod
382 1570 548 1656 praecedit
575 1570 640 1635 ‘uel
669 1570 696 1634 si
725 1571 781 1656 qui
808 1571 866 1636 alii
893 1571 1014 1637 artium
1042 1595 1091 1638 re·

75 1658 243 1743 pertores'.

144 1769 169 1812 c.
190 1748 241 1831 17,
260 1748 281 1812 2
307 1767 365 1812 uos
386 1746 496 1829 quibem
521 1747 629 1812 ueritus
651 1751 778 1831 erectas,
804 1747 915 1830 quidus
935 1756 1094 1833 suspectae

77 1837 113 1900 ia
136 1835 253 1900 eaelum
275 1836 367 1900 dctus
389 1840 440 1919 aet,
463 1855 561 1900 samo
584 1840 613 1900 et
633 1837 724 1919 ratio,
743 1856 802 1918 per
823 1856 902 1918 quae
923 1839 1014 1903 dam
1036 1842 1092 1904 ad·

75 1924 251 2039 gnoscunpe
277 1925 425 1988 secamus
451 1925 622 1989 imitamur.
665 1946 741 1989 cons
743 1928 793 1989 tat
824 1925 920 1990 hodie
953 1927 992 1990 de
1020 1949 1092 1992 uer·

78 2009 223 2076 borum
226 2031 331 2076 sermo
351 2015 384 2077 et
402 2016 453 2076 rat
454 2011 498 2077 io'
518 2013 565 2078 sic
587 2013 671 2076 nude
691 2013 915 2078 adiunctorum
935 2014 1090 2098 deprava-

77 2100 176 2164 tione.
199 2101 368 2184 proposuit
391 2104 499 2166 autem
522 2105 698 2185 praeeunte
717 2101 935 2194 Wopkensio
938 2101 1091 2169 Halmius

79 2187 147 2252 dat
133 2191 186 2253 tus
206 2192 255 2253 est
278 2193 310 2253 et
332 2189 458 2254 sermo'.
496 2190 581 2275 quod
604 2210 672 2254 non
694 2193 790 2274 recta
812 2194 850 2254 ut
870 2184 993 2275 puto,
983 2214 1093 2276 mpro-

79 2277 171 2341 bauit
194 2275 366 2380 ιιιιιιιιιιι,
390 2279 444 2362 qui
467 2279 503 2342 in
524 2278 616 2343 illo
620 2299 767 2343 sermoe
750 2276 903 2343 etratio'
927 2280 996 2344 uim
1019 2301 1094 2366 gra·

80 2365 145 2430 dat'
121 2365 220 2430 tronis
257 2367 362 2431 inesse
400 2367 462 2431 sibi
498 2366 693 2449 persuadens
729 2366 863 2431 rescribi
899 2368 1050 2433 uoluit
1056 2370 1093 2434 in

80 2455 216 2537 caelum,
240 2455 358 2538 quibus
378 2455 433 2518 dat
419 2458 472 2518 tus
491 2458 542 2518 est
560 2475 666 2519 sermo
686 2458 718 2518 et
736 2453 840 2519 ratio'.
874 2476 985 2520 uerum
1006 2459 1093 2523 enim

80 2563 157 2606 uero
184 2534 387 2606 facultatum
407 2542 620 2606 humanarum
649 2565 775 2607 summa
802 2543 855 2607 hic
878 2544 1006 2628 quidem
1035 2546 1095 2611 ha·

81 2630 137 2693 bet
123 2633 177 2693 tur
194 2631 228 2692 in
247 2630 357 2694 uerbis
372 2629 500 2714 quibus
515 2631 586 2694 uult
572 2634 624 2694 tus
639 2635 773 2715 erectus,
788 2632 905 2716 quibus
922 2638 1095 2716 suspectus

81 2719 114 2781 in
147 2717 282 2781 caelum'
283 2767 291 2801 ,
324 2719 442 2802 quippe
473 2739 532 2801 per
558 2740 639 2821 quae
666 2740 738 2784 cum
771 2720 911 2784 maxime
942 2720 1094 2789 homines

82 2810 248 2889 opponant
251 2828 288 2869 ur
314 2807 418 2871 beluis
450 2807 562 2890 pronis
594 2808 629 2871 in
660 2812 845 2893 terramque
871 2811 1094 2895 uergentibus.

82 2894 191 2979 itaque
229 2915 333 2958 sermo
367 2898 400 2959 et
431 2895 529 2979 ratic,
563 2897 774 2998 quantumuis
804 2918 862 2980 per
895 2918 929 2961 se
961 2899 1094 2965 maioris

81 2983 251 3066 momenti,
274 2983 327 3046 hic
348 2987 476 3048 tantum
500 2988 536 3047 ut
558 3005 610 3048 res
634 2985 774 3049 minores
798 2985 931 3070 adiungi
953 2991 1095 3069 possunt

81 3093 140 3156 per
159 3070 338 3156 simplicem
358 3071 516 3155 copulam,
535 3092 602 3136 non
619 3094 678 3155 per
695 3074 869 3156 repetitum
888 3076 986 3139 tertio
1005 3096 1095 3141 cum·

82 3181 143 3242 que
175 3160 366 3242 gradatione
390 3159 540 3243 ‘quibus'.
586 3161 702 3225 uitium
731 3166 837 3226 autem
867 3182 933 3225 non
960 3165 1031 3227 tam
1058 3164 1095 3229 in
1138 3202 1142 3207 ·

83 3247 204 3311 omissa
240 3249 348 3332 aliqua
381 3249 497 3331 copula
529 3270 625 3333 quam
658 3249 693 3312 in
724 3250 796 3334 ipso
828 3251 929 3315 uerbo
963 3250 1094 3318 ‘sermo'

81 3335 182 3399 latere
206 3335 288 3399 mihi
309 3336 398 3401 uidet
384 3342 446 3401 t.ur
487 3336 564 3420 quid
587 3337 695 3402 enim?
726 3361 803 3402 num
832 3359 952 3417 seme,
981 3340 1095 3405 dotum

83 3423 296 3487 humanarum
320 3446 396 3489 sane
420 3445 517 3507 quam
539 3426 725 3510 praecipua,
748 3426 801 3490 hic
824 3427 998 3510 quidquam
1022 3450 1096 3512 per-

84 3512 168 3575 tinet
154 3511 232 3575 tad
254 3513 400 3594 proposit
402 3534 465 3597 um,
488 3534 643 3596 quocum
664 3536 723 3597 per
741 3518 866 3579 ceteros
890 3537 1003 3580 sensus
1022 3522 1095 3582 tum
