2468 3996
71 183 165 241 XVIII
377 184 545 240 EDITORIS
563 185 778 243 PRAEFATIO.

77 330 216 395 lantiam
238 330 274 395 in
296 331 441 414 margine
464 330 563 394 maris
586 331 683 414 pedes
706 332 742 396 in
764 331 826 396 bac
847 331 920 416 ipsa
944 337 1095 421 margine

77 419 198 484 tinctos
227 440 297 483 esse
321 417 398 502 quid
426 418 489 483 dici
517 418 670 484 attinuit?
707 423 781 504 apte
809 428 1095 509 commemoratur,

77 506 253 591 tranquille
281 506 523 590 progredientes
551 506 631 591 ipsis
659 507 725 573 illis
754 509 904 593 aequoris
927 511 993 576 huc
1016 512 1094 579 illue

78 593 203 680 placide
235 596 360 660 ruentis
393 594 594 660 anfractibus
623 617 720 680 saepe
747 597 984 664 circumuentos
1013 622 1095 666 esse.

77 683 161 749 unde
179 684 252 768 lego
267 682 314 747 ‘in
332 683 403 767 ipso
423 685 571 768 aequoris
588 683 733 749 flumine'
749 685 817 750 siue
835 687 945 768 potius
964 686 1093 754 ‘limite'

77 769 155 857 (hoc
179 775 228 836 est
251 773 318 855 uia,
346 768 486 858 itinere).
527 773 664 856 denique
692 773 727 837 in
753 773 819 838 illis
847 776 930 856 qaod
951 825 958 840 .
978 825 985 842 .
1006 825 1014 842 .
1036 779 1093 843 ad·

71 861 200 942 paleam
217 861 332 925 aestas
344 860 472 942 pedrbas
488 861 646 926 adluderet
662 859 774 942 fluetus
788 884 807 926 a
822 862 918 927 certis
932 866 1093 950 exemplis

77 947 198 1014 Catulli
225 949 281 1032 64,
309 950 351 1013 67
380 953 413 1013 et
441 946 537 1013 Statii
565 949 666 1015 Theb.
693 949 740 1014 IX
769 951 835 1016 336
865 951 914 1016 ita
941 955 992 1017 est
1019 976 1093 1038 pro·

78 1036 300 1121 ficissendum,
328 1041 365 1101 ut
388 1035 494 1102 ‘mare
517 1036 653 1121 pedibus
677 1037 760 1123 (siue
784 1037 914 1122 ‘pedes'
938 1041 1009 1105 sine
1031 1041 1093 1107 ‘ad

75 1123 202 1210 pedes’)
221 1123 365 1209 adludit',
388 1147 454 1190 non
477 1125 647 1190 transitiue
667 1124 803 1192 ‘adludit
826 1127 971 1192 fluctum'
988 1130 1092 1196 latine

77 1214 141 1278 dici
156 1213 289 1279 aiamus.
311 1213 465 1278 nimirum
480 1213 674 1298 ‘adpulsum'
688 1236 749 1300 pro
763 1213 943 1299 ‘adpulsus’
958 1219 1091 1302 scripsit

76 1302 227 1367 librarius
247 1301 356 1386 ‘quod'
375 1324 434 1385 pro
457 1302 649 1386 pronomine
671 1303 819 1385 relatino,
840 1326 908 1368 non
930 1328 992 1389 pro
1015 1328 1089 1373 eon·

77 1389 241 1454 iunctione
265 1390 434 1473 accipiens.
466 1391 582 1455 fluctus
601 1395 708 1456 autem
728 1395 785 1455 aut
803 1391 1013 1459 ‘resorbetur'
1033 1399 1092 1460 aut

76 1476 122 1542 ‘se
145 1476 318 1560 resorbet'‚
341 1478 425 1542 unde
449 1476 496 1543 ‘in
521 1477 603 1544 sese'
627 1478 833 1544 diuidendum
853 1502 924 1546 esse
943 1488 1090 1569 apparet,

77 1570 114 1631 ut
137 1566 254 1631 euadat
277 1565 457 1631 ‘retrahens
480 1567 514 1631 in
539 1565 584 1632 se'
609 1572 642 1632 et
665 1567 711 1633 ‘se
733 1568 936 1634 resorberet'.

142 1677 166 1721 c.
191 1656 225 1739 3,
249 1656 270 1720 6
299 1659 336 1721 ut
360 1656 441 1721 illud
466 1657 603 1721 locatam
625 1657 675 1722 aet
700 1658 825 1722 dorsum
847 1658 947 1724 marre
968 1661 1093 1727 raderet

74 1744 124 1808 aet
145 1748 295 1828 enataret,
322 1746 397 1808 dam
420 1745 482 1808 leat
504 1745 619 1827 impeta
642 1745 764 1829 labttar,
787 1746 837 1812 aet
860 1748 991 1815 summis
1012 1749 1090 1830 flue-

75 1832 156 1896 raras
179 1833 275 1897 tonsis
296 1833 439 1896 emicaret
460 1837 630 1917 emerperet,
653 1835 727 1898 dara
744 1835 868 1901 assiduo
885 1835 970 1901 salta
991 1838 1090 1904 arble-

74 1926 179 1985 aatrrr.
218 1920 371 1984 tondendi
394 1921 529 1985 uerbum
552 1921 687 1986 radendi
710 1922 948 2007 significatione
967 1926 1027 2009 uti,
1049 1949 1090 1992 ex

75 2012 188 2073 nostro
207 2008 279 2073 loeo
299 2009 368 2074 solo
388 2013 521 2074 sumunt
542 2010 800 2094 inprobabiliter,
823 2012 983 2096 siquidem
1002 2018 1091 2079 testa

75 2096 161 2161 radit
176 2096 306 2161 dorsum
324 2098 423 2162 maris
442 2098 542 2183 plani,
560 2098 616 2163 sed
636 2120 709 2164 cum
728 2099 879 2165 fluctibus
893 2122 1089 2167 concurrens

75 2185 122 2250 ita
156 2185 329 2251 conliditur
359 2190 396 2250 ut
428 2185 547 2252 exiliat.
588 2209 701 2252 uerum
733 2187 834 2272 igitur
866 2192 917 2254 est
944 2188 1090 2257 ‘tunsis’.

74 2275 131 2339 illa
155 2277 264 2338 autem
288 2275 450 2359 quaestio,
479 2276 565 2341 sitne
587 2279 655 2341 tam
678 2275 747 2341 ‘uel
771 2275 931 2342 enataret'
956 2282 1089 2344 auctore

74 2362 234 2429 Bursiano
259 2386 356 2448 quam
375 2362 577 2449 ‘emergeret’
597 2386 668 2430 curn
683 2364 834 2430 Wowero
854 2366 947 2432 obelo
969 2371 1088 2433 notan-

73 2452 163 2530 dum,
195 2474 260 2516 non
288 2453 336 2517 ita
364 2452 505 2517 difficilis
533 2457 582 2517 est
610 2453 649 2518 ad
679 2453 880 2518 soluendum.
920 2476 997 2519 nam
1025 2457 1089 2521 etsi

73 2561 184 2603 uerum
204 2542 263 2623 est,
286 2540 444 2624 asyndeto
463 2541 634 2606 bimembri
656 2564 721 2608 non
741 2542 790 2614 uti
807 2540 993 2628 Minucium,
1017 2566 1089 2609 sen·

72 2627 176 2691 tentia
199 2631 309 2691 tamen
332 2627 386 2693 bie
409 2629 523 2693 uitium
547 2630 656 2714 potius
682 2652 777 2714 quam
797 2631 994 2716 glossemata
1013 2634 1089 2699 sub-

73 2737 143 2780 esse
162 2716 337 2781 clarissime
357 2717 470 2801 aperit.
498 2719 616 2783 emicat
634 2719 720 2783 enim
739 2722 826 2784 testa
843 2741 916 2785 oum
933 2720 1088 2787 fluctibus

73 2804 258 2869 conflictata
289 2806 513 2872 tantummodo
542 2807 655 2891 semel,
683 2810 721 2872 ut
746 2812 833 2872 recte
862 2807 991 2893 quidem
1019 2830 1088 2875 non

72 2893 216 2976 potuerit
242 2894 335 2978 pergi
363 2894 427 2959 nisi
459 2896 509 2959 ita
536 2894 580 2960 ‘et
607 2917 704 2978 porro
734 2895 867 2962 adsiduo
896 2898 982 2962 saltu
1010 2899 1088 2964 sub-

73 2979 255 3046 leuaretur'.
297 3002 368 3046 oum
396 2983 497 3068 igitur
523 2983 722 3048 desideretur
752 2985 894 3050 medium
924 2985 1088 3070 quoddam

73 3070 247 3154 uinculum,
270 3069 304 3134 in
327 3092 408 3135 uoce
431 3069 631 3157 ‘emergeret'
654 3073 797 3137 litteram
816 3072 851 3138 M
870 3095 909 3137 ex
930 3073 986 3137 ΤΡ
1009 3096 1085 3140 eon·

72 3159 183 3223 fletam
212 3181 282 3224 esse
312 3181 435 3225 censeo.
477 3161 562 3244 ande
590 3164 723 3244 propter
749 3161 782 3226 id
811 3163 897 3247 quod
924 3161 1086 3229 Minucius

73 3248 217 3330 sequitur
246 3249 486 3332 aequabilitatis
515 3249 657 3315 studium
679 3271 782 3334 nequa
805 3252 894 3335 prius
919 3249 988 3315 ‘uel
1011 3273 1085 3316 ena·

71 3334 172 3398 taret'
197 3335 281 3399 abici
307 3338 415 3420 debet,
444 3339 529 3421 quod
552 3336 768 3402 Dombartum
794 3342 935 3423 secutus,
959 3340 1014 3423 qui
1038 3339 1084 3405 ‘et

70 3423 162 3488 uelut
184 3423 328 3488 nataret'
352 3426 511 3511 uoluerat,
534 3448 648 3490 sanare
672 3427 788 3492 studui.

138 3534 163 3577 c.
191 3512 226 3596 4,
250 3512 271 3575 3
303 3534 365 3595 qua
391 3515 426 3578 ta
454 3519 481 3579 te
506 3517 644 3580 increatas
671 3516 847 3599 obtorpuerit
871 3517 1083 3601 aepleyerrtr‘ae.
