2468 3996
202 189 246 254 48
555 186 702 243 MINUGII
720 185 858 244 FELICIS

203 337 249 416 et,
278 333 362 417 quod
387 330 519 397 Saturni
546 331 615 397 filio
640 333 774 418 dignum
800 336 861 416 est,
889 333 966 397 mali
991 337 1025 398 et
1047 335 1138 399 noxii
1162 335 1219 402 ho·

167 441 183 492 5
203 421 299 486 minis
318 421 475 505 sanguine
490 421 666 506 saginatur.
694 421 799 506 ipsum
815 421 909 486 credo
925 421 1072 487 docuisse
1088 425 1220 509 sangui-

202 511 253 575 nis
281 509 411 575 foedere
441 511 610 574 coniurare
634 509 809 576 Catilinam
835 514 867 579 et
889 509 1061 575 Bellonam
1090 533 1218 577 sacrum

203 621 297 665 suum
324 598 443 664 haustu
471 597 606 663 humani
633 599 755 663 cruoris
784 598 928 664 imbuere
957 604 990 664 et
1017 601 1218 667 comitialem

202 688 353 752 morbum
384 686 527 752 hominis
562 688 731 772 sanguine,
762 687 795 751 id
828 690 877 752 est
908 689 1022 753 morbo
1056 690 1218 776 grauiore,

168 797 184 846 s
203 797 329 841 sanare.
357 797 424 840 non
443 775 615 840 dissimiles
635 776 665 840 ei
684 776 739 861 qui
757 775 796 840 de
814 775 938 840 harena
956 776 1039 841 feras
1059 777 1219 844 deuorant

203 864 315 928 inlitas
348 867 381 928 et
412 863 549 929 infectas
582 887 694 929 cruore
726 864 780 929 uel
817 865 970 929 membris
1008 865 1150 932 hominis
1185 873 1220 934 et'

203 953 327 1018 uiscera
355 954 530 1039 saginatas.
574 952 670 1018 nobis
700 952 912 1018 homicidium
940 975 999 1019 nec
1027 954 1138 1019 uidere
1166 956 1217 1022 fas

203 1063 262 1106 nec
285 1042 404 1125 audire,
427 1045 618 1126 tantumque
641 1042 682 1106 ab
705 1041 851 1106 uorando
875 1043 1031 1126 sanguine
1054 1064 1218 1129 cauemus,

202 1133 241 1194 ut
267 1152 325 1195 nec
354 1130 493 1196 edulium
523 1152 677 1214 pecorum
706 1131 741 1194 in
763 1130 843 1195 cibis
872 1132 1064 1216 sanguinem
1087 1134 1216 1198 noueri-

151 1220 284 1288 3lmus.
320 1222 352 1284 et
376 1218 414 1284 de
436 1219 561 1284 incesto
585 1220 735 1285 conuiuio
759 1219 903 1283 fabulam
926 1220 1082 1306 grandem
1105 1221 1217 1286 aduer-

204 1331 276 1373 sum
308 1329 369 1374 nos
402 1308 593 1373 daemonum
626 1309 725 1373 coitio
753 1309 890 1372 mentita
918 1312 980 1394 est,
1011 1312 1048 1373 ut
1076 1310 1217 1394 gloriam

203 1396 377 1480 pudicitiae
401 1396 553 1461 deformis
575 1396 729 1461 infamiae
754 1398 940 1480 aspersione
963 1397 1153 1482 macularet,
1180 1403 1218 1465 ut

203 1488 278 1548 ante
302 1484 503 1569 exploratam
521 1485 692 1550 ueritatem
710 1485 858 1550 homines
878 1508 897 1550 a
915 1486 1008 1551 nobis
1026 1490 1150 1552 terrore
1168 1488 1217 1552 in·

168 1571 321 1641 afandae
344 1573 506 1659 opinionis
530 1577 699 1640 auerteret.
736 1575 782 1639 sic
802 1574 840 1638 de
859 1575 924 1640 isto
944 1577 977 1639 et
998 1578 1074 1639 tuus
1092 1575 1216 1641 Fronto

203 1684 270 1727 non
289 1666 326 1727 ut
345 1663 534 1728 adfirmator
552 1663 777 1728 testimonium
796 1663 881 1746 fecit,
904 1663 960 1729 sed
979 1664 1162 1728 conuicium
1181 1667 1219 1729 ut

204 1753 314 1815 orator
335 1751 509 1837 adspersit,
532 1751 612 1816 haec
631 1752 716 1816 enim
740 1751 849 1835 potius
869 1751 908 1815 de
926 1753 1043 1817 uestris
1064 1754 1217 1838 gentibus

168 1860 184 1908 3
204 1843 281 1903 nata
304 1842 389 1904 sunt.
425 1841 475 1904 ius
495 1843 545 1904 est
569 1839 653 1924 apud
672 1839 789 1905 Persas
808 1841 937 1906 misceri
956 1862 1028 1905 aum
1046 1843 1218 1926 matribus,

204 1925 376 2012 Aegyptiis
409 1930 442 1992 et
474 1927 728 1994 Atheniensibus
761 1950 834 1994 cum
872 1930 1036 1995 sororibus
1069 1930 1218 2016 legitima

204 2016 356 2103 conubia3
379 2017 555 2082 memoriae
577 2020 610 2081 et
631 2018 819 2104 tragoediae
841 2022 969 2084 uestrae
992 2019 1123 2084 incestis
1148 2020 1217 2104 glo·

203 2105 337 2190 riantur,
362 2127 442 2190 quae
466 2128 525 2172 uos
548 2106 688 2171 libenter
710 2111 743 2171 et
765 2107 875 2192 legitis
897 2110 930 2172 et
953 2106 1082 2174 auditis.
1119 2108 1218 2174 sicet

204 2194 280 2259 deos
300 2195 407 2260 colitis
426 2195 576 2280 incestos,
599 2217 672 2260 eum
690 2199 803 2279 matre,
824 2217 897 2261 cum
915 2196 994 2282 filia,
1012 2217 1086 2261 cum
1105 2218 1217 2264 sorore

169 2284 402 2350 sconiunctos.
444 2285 560 2350 merito
587 2285 688 2370 igitur
715 2286 873 2350 incestum
901 2306 1002 2369 penes
1031 2307 1090 2350 uos
1119 2307 1216 2370 saepe

207 2370 465 2458 deprehenditur,
497 2394 623 2457 semper
655 2373 847 2439 admittitur.
893 2375 990 2439 etiam
1027 2375 1217 2459 nescientes,

204 2462 324 2546 miseri,
344 2462 482 2546 potestis
501 2462 535 2525 in
554 2461 678 2526 inlicita
696 2483 858 2547 proruere,
876 2484 949 2528 cum
963 2461 1124 2528 Venerem
1143 2485 1216 2548 pro·

204 2549 304 2614 misce
324 2550 491 2634 spargitis:
511 2549 587 2614 dum
605 2550 728 2635 passim
747 2551 868 2616 liberos
887 2551 1005 2636 seritis,
1023 2552 1100 2617 dum
1118 2552 1216 2617 etiam

205 2636 293 2701 domi
315 2640 410 2703 natos
434 2637 561 2704 alienae
584 2638 822 2705 misericordiae
841 2641 1026 2726 frequenter
1046 2640 1217 2725 exponitis,

276 2835 292 2884 3
312 2829 455 2885 uellonam
473 2836 493 2883 P
510 2831 520 2899 ΙΙ
537 2836 555 2884 4
573 2833 656 2886 austu
673 2837 693 2883 P
711 2833 721 2902 ΙΙ
742 2838 758 2886 6
777 2832 804 2886 ei
821 2833 934 2902 scripsi:
953 2832 982 2887 et
999 2838 1019 2884 P
1037 2832 1046 2902 [Ι
1065 2837 1080 2887 'l
1099 2831 1217 2886 infectas

205 2901 247 2956 ed.
263 2917 323 2970 pr„-
345 2900 466 2956 infactus
484 2908 504 2953 P
522 2903 532 2970 l
554 2906 570 2956 8
589 2900 699 2957 uideret
717 2905 741 2969 (t
758 2904 848 2973 erosa)
867 2908 898 2970 P;
919 2920 957 2957 aa
974 2902 1099 2957 uiderest
1116 2901 1190 2958 fas?
1208 2904 1218 2975 ll

206 2979 221 3026 9
240 2989 292 3027 nec
311 2971 409 3027 audire
427 2973 495 3028 delet
509 2972 693 3028 Heumuaous
708 2976 713 3043 Ι
728 2974 763 3029 ab
778 2973 904 3030 uorando
919 2974 1034 3044 (fraudo)
1048 2975 1162 3042 scripsi:
1181 2974 1216 3028 ab

204 3044 327 3098 humano
346 3049 366 3096 P
389 3061 407 3098 a
429 3043 588 3099 contamine
611 3044 754 3114 sanguinis
777 3046 804 3098 Ι.
825 3046 852 3101 Ι.
873 3045 1076 3101 Cornelisseuss
1098 3046 1108 3114 l
1131 3050 1165 3100 10
1187 3045 1218 3100 in

205 3115 275 3170 cibis
292 3116 360 3170 delet
374 3115 547 3189 Beraoysius
560 3117 570 3185 ιΙ
585 3120 617 3168 12
633 3115 784 3171 demonum
798 3115 872 3171 cotio
888 3115 991 3182 (contio
1005 3133 1039 3171 m.
1054 3118 1085 3186 2)
1100 3122 1128 3184 P,
1147 3131 1216 3172 corr.

210 3184 327 3241 Ursinus
345 3188 354 3256 l
374 3192 407 3240 13
426 3187 587 3258 aspersione
611 3187 763 3242 Wowerus:
781 3187 925 3241 auersione
944 3193 964 3239 P
986 3189 996 3257 Ι]
1020 3191 1053 3241 15
1070 3186 1165 3242 fronto
1184 3203 1217 3242 aa

204 3255 306 3324 fronte,
325 3256 487 3314 adfirmator
505 3275 538 3313 cs
557 3257 687 3312 adfirmor
705 3275 738 3313 m.
760 3262 776 3312 1
795 3273 864 3313 corr.
884 3260 927 3329 ΡΙΙ
947 3263 980 3312 16
999 3257 1153 3313 conuitium
1170 3263 1190 3310 Ρ
1207 3256 1217 3329 ll

207 3331 239 3379 19
264 3328 481 3387 Atheniensibus
506 3329 657 3384 Wocoerus:
684 3328 794 3383 athenis
817 3331 925 3398 Ρ1110
954 3328 1074 3384 conubia
1096 3346 1130 3384 aa
1153 3345 1217 3384 con-

205 3397 272 3450 buia
289 3401 310 3448 Ρ
325 3399 330 3465 Ι
345 3399 509 3470 memoriae]
529 3400 687 3454 comoediae
712 3397 843 3468 [belaum
861 3401 955 3454 malim
975 3400 1054 3454 mimi
1067 3401 1078 3469 ΙΙ
1092 3406 1125 3454 21
1145 3415 1216 3469 quae

204 3469 317 3538 scripsi:
336 3485 405 3537 quas
423 3475 443 3521 Ρ
463 3473 473 3539 n
494 3474 528 3525 25
548 3487 610 3525 cum
629 3472 741 3540 scripsi:
760 3472 826 3525 dum
844 3472 887 3540 ΡΙΙ
905 3475 949 3539 25,
968 3477 1002 3527 26
1021 3471 1173 3540 promisoes
1192 3472 1216 3542 (s

206 3543 294 3610 maso)
314 3545 340 3594 P.
