2468 3996
131 160 174 247 56
482 142 788 227 ninuonscmcxs'

129 332 241 394 tamen
265 327 321 412 qui
348 330 458 413 potest
485 335 609 412 pauper
632 336 703 391 'esse
726 326 782 410 qui
804 346 869 390 non
892 327 978 410 eget,
1003 326 1063 409 qui
1087 346 1148 390 nou

130 417 236 482 inhiat
263 417 383 501 alieno,
411 416 466 501 qui
494 411 553 480 deo
578 414 668 479 diues
696 413 769 480 est?
805 412 911 499 magis
938 435 1071 499 pauper
1097 412 1147 477 illo

130 511 193 591 est,
220 506 277 592 qui
305 528 378 571 cum
406 505 509 570 multa
540 503 673 587 habeat,
703 503 800 588 plura
831 501 996 567 desiderat
1028 503 1146 569 tamon.

95 609 111 661 t
131 595 235 662 dicam
256 593 528 681 quemadmodum
552 592 670 658 sentio:
693 613 788 657 nemo
807 593 876 656 tam
894 612 1021 675 pauper
1039 592 1147 676 potest

129 679 1177 837 liidlmaladdilalitltiaiiliidladtiniad⁶

130 862 219 943 sunt,
245 794 317 945 quip
329 860 452 945 omnia,
480 859 509 925 si
535 880 604 924 non
633 793 905 942 codcupiscimus,
931 856 1149 943 possidemus.

94 948 231 1032 sigitur
254 952 291 1012 ut
313 949 369 1034 qui
391 949 480 1012 uiam
502 946 581 1011 terit
603 968 641 1011 eo
659 944 787 1011 felicior
807 967 870 1032 quo
888 946 995 1012 leuior
1016 945 1150 1031 incedit,

128 1037 176 1103 ita
199 1037 326 1103 beatior
348 1038 383 1100 in
409 1037 471 1101 hoc
497 1035 615 1100 itinere
637 1034 783 1118 uiuendi,
811 1035 867 1120 qui
895 1038 1090 1119 paupertate
1114 1057 1148 1101 se

94 1143 109 1192 ‘1
130 1125 286 1210 subleuat,
308 1147 376 1190 non
394 1125 454 1190 sub
473 1123 662 1189 diuitiarum
681 1144 778 1189 onere
798 1123 952 1207 suspirat.
983 1126 1018 1189 et
1034 1127 1146 1190 tamen
1158 1144 1181 1184 n

129 1213 309 1297 facultates,
332 1215 361 1279 si
379 1213 476 1279 utiles
499 1215 698 1297 putaremus,
722 1234 741 1276 a
760 1211 819 1278 deo
838 1233 1063 1296 posceremus:
1087 1213 1147 1279 uti·

130 1324 191 1387 que
223 1302 391 1387 indulgere
422 1305 535 1385 posset
571 1302 790 1385 aliquantum,
823 1299 913 1365 cuius
947 1303 998 1365 est
1029 1304 1083 1368 tot
1140 1353 1148 1370 .

129 1390 185 1454 sed
212 1411 272 1454 nos
301 1393 508 1455 contemnere
532 1390 695 1455 malumus
719 1411 798 1474 opes
822 1411 919 1473 quam
943 1390 1147 1477 contingere:

127 1476 346 1543 innocentiam
369 1477 476 1564 magis
498 1478 655 1562 cupimus,
679 1477 785 1563 magis
803 1477 997 1561 patientiam
1016 1478 1145 1566 flagita·

128 1587 214 1650 mus,
246 1567 408 1631 malumus
439 1588 500 1632 nos
531 1567 636 1633 bonos
671 1587 742 1631 esse
775 1587 873 1650 quam
905 1565 1073 1651 prodigos.
1114 1572 1181 1635 etc

129 1654 215 1738 quod
239 1655 382 1740 corporis
404 1655 543 1720 humani
564 1655 647 1721 uitia
671 1654 829 1720 sentimus
848 1658 882 1718 et
899 1654 1056 1741 patimur,
1079 1678 1145 1723 non

92 1761 108 1810 8
128 1748 178 1807 est
204 1764 326 1827 poena,
352 1743 471 1808 militia
494 1746 554 1808 est.
594 1742 753 1808 fortitudo
778 1742 864 1807 enim
880 1724 922 1808 in
944 1743 1145 1811 infirmitati·

128 1831 188 1894 bus
211 1831 385 1896 roboratur
408 1833 442 1894 et
465 1831 635 1897 calamitas
661 1830 790 1915 saepius
814 1830 987 1915 disciplina
1009 1833 1145 1901 uirtutis

127 1922 186 1984 est.
226 1918 313 1982 uires
342 1918 478 2001 denique
502 1923 535 1984 ct
557 1919 676 1984 mentis
701 1923 734 1984 et
756 1920 900 2003 corporis
925 1919 994 1985 sine
1017 1921 1143 1988 laboris

128 2006 357 2071 exercitatione
375 2009 575 2091 torpescunt.
603 2029 717 2073 omnes
738 2007 818 2073 adeo
833 2009 936 2073 uestri
951 2008 1014 2073 uiri
1032 2009 1146 2096 fortes,
1159 2033 1183 2073 so

127 2116 208 2179 quos
236 2095 272 2159 in
301 2095 485 2181 exemplum
512 2096 723 2181 praedicatis,
752 2097 916 2161 aerumnis
940 2097 1006 2162 suis
1028 2097 1146 2184 inclyti

91 2182 316 2251 sfloruerunt.
351 2185 462 2269 itaque
486 2190 518 2251 et
540 2185 638 2251 nobis
662 2185 741 2250 deus
763 2203 822 2249 nec
845 2206 912 2250 non
934 2189 1047 2270 potest
1070 2188 1145 2253 sub-

126 2273 237 2337 uenire
269 2293 329 2338 nec
361 2273 514 2358 despicit,
546 2296 620 2339 cum
653 2274 696 2338 sit
727 2276 761 2338 et
793 2274 938 2338 omnium
969 2277 1078 2340 rector
1113 2281 1146 2342 et

126 2364 254 2426 amator
281 2383 428 2446 suorum,
456 2363 511 2428 sed
535 2362 598 2443 [in]
623 2361 768 2427 aduersis
797 2383 1061 2447 unumquemque
1089 2386 1145 2430 ex-

124 2449 234 2532 plorat
265 2453 298 2514 ct
330 2452 508 2534 examinat,
543 2449 713 2535 ingenium
750 2450 953 2535 singulorum
988 2451 1144 2534 periculis
1158 2474 1184 2516 aa

125 2537 279 2621 pensitat,
301 2558 403 2622 usque
426 2539 468 2604 ad
492 2542 672 2604 extremam
695 2542 836 2603 mortem
857 2539 1061 2604 uoluntatem
1084 2540 1145 2608 hc-

124 2625 221 2689 minis
246 2625 436 2710 sciscitatur,
462 2625 546 2691 nihil
569 2627 633 2691 sibi
655 2647 751 2711 posse
773 2627 880 2711 perire
903 2648 1044 2693 securus.
1080 2628 1145 2695 ita-

125 2734 186 2798 que
205 2717 242 2778 ut
260 2735 375 2779 aurum
394 2715 537 2801 ignibus,
561 2715 608 2780 sio
625 2737 686 2781 nos
706 2714 946 2780 discriminibus
965 2716 1145 2801 arguimur.

73 2801 222 2885 37qucm
240 2800 413 2886 pulchrum
432 2805 651 2890 spectaculum
666 2803 734 2887 dec,
753 2825 826 2868 cum
841 2801 1048 2869 Christianus
1068 2827 1146 2872 cum

123 2891 234 2955 dolore
257 2891 471 2975 congreditur,
500 2914 573 2956 cum
598 2892 768 2958 aduersum
796 2891 902 2957 minas
926 2895 958 2956 et
981 2894 1144 2977 supplicia
1158 2918 1186 2959 ao

194 3105 209 3153 3
230 3098 279 3169 qui
298 3100 451 3155 Wowerus:
470 3097 532 3169 quis
551 3101 634 3169 Pl3=
653 3105 671 3152 4
690 3102 785 3154 tamen
805 3100 897 3154 dicam
915 3101 1027 3170 scripsi:
1046 3101 1143 3160 dicam

121 3172 216 3223 tamen
230 3176 250 3222 1’
263 3171 303 3239 ld
322 3169 352 3224 in
372 3169 446 3224 diem
467 3187 573 3239 pascua
590 3173 744 3240 pascuntur
762 3173 791 3225 et
808 3170 878 3225 haec
897 3172 977 3226 nobis
995 3175 1093 3228 tamen
1105 3179 1140 3243 1²3

121 3255 234 3309 pascua,
252 3241 325 3309 qdod
342 3241 410 3296 dedet
429 3239 553 3309 Ursinus,
574 3243 605 3296 ic
623 3257 713 3310 pecua
731 3246 819 3296 mutat
838 3240 975 3308 Gelenius,
988 3242 1143 3310 posthaec

120 3309 261 3381 ircieoill'i
281 3310 331 3378 qui
346 3311 523 3367 Perizonius:
542 3310 687 3383 quaarll8
706 3309 827 3384 felicior]
847 3328 937 3368 conce
955 3313 1143 3391 pemicioriil

122 3388 137 3436 9
157 3379 253 3436 itineri
269 3387 290 3433 P
308 3397 341 3435 m.
356 3387 372 3436 1
387 3384 397 3452 ss
412 3388 444 3437 13
465 3381 606 3437 continere
621 3387 649 3449 Ρ,
669 3397 737 3438 corr.
755 3382 882 3439 Oeblerus
895 3385 905 3452 11
921 3389 954 3437 16
973 3384 1097 3441 humana
1110 3392 1142 3459 Ρ,

121 3469 189 3509 corr.
208 3452 391 3508 Haemonius
409 3456 419 3524 ll
438 3459 471 3509 17
490 3454 519 3508 in
538 3454 648 3508 addidit
671 3452 814 3524 Ursincsi
835 3460 869 3509 24
887 3455 917 3509 in
935 3455 1044 3510 seclusit
1062 3455 1141 3514 Heu-

120 3539 253 3592 mannuc;
272 3540 310 3579 an
329 3524 393 3579 latet
411 3528 443 3578 tn
462 3550 496 3568 =
515 3521 639 3578 tamen?
