2468 3996
121 198 164 263 32
475 196 620 252 nlnuon
638 195 775 252 runcis

118 344 299 409 Ianiculum
327 344 440 426 lanus,
473 342 514 407 ad
541 341 732 406 memoriam
759 344 893 425 uterque
921 340 1139 427 posteritatis,

85 453 100 501 τ
120 432 328 517 reliquerunt.
365 432 463 496 homo
487 431 589 515 igitur
611 430 723 513 utique
745 430 801 515 qui
824 428 923 514 fugit,
946 428 1046 495 homo
1071 433 1138 496 uti·

120 544 182 606 qne
206 522 261 606 qui
282 521 389 604 latuit,
413 523 446 585 et
468 522 561 602 pater
584 519 723 583 hominis
747 523 780 582 et
801 522 898 583 natus
924 541 962 584 ex
985 519 1137 604 homine3

121 610 241 674 Terrae
269 610 356 674 enim
380 611 433 673 uel
457 606 547 673 Caeli
574 607 674 688 filius,
703 607 788 691 quod
812 607 898 691 apud
921 607 1023 672 Italos
1048 613 1139 673 esset

120 699 242 783 ignotis
265 698 454 782 parentibus
477 697 624 781 proditus
642 697 692 760 aot
708 697 866 778 repentino
885 698 1068 781 aduenisset,
1091 703 1140 763 est
1166 719 1178 760 5

120 789 232 871 dictam
254 792 292 850 ut
314 787 350 850 in
371 786 563 850 hodiernum
586 784 757 868 inopinato
780 784 869 848 uisos
893 786 982 850 caelo
1005 786 1139 870 missos,

86 874 282 960 eignobiles
315 878 348 939 εὴ
379 875 511 960 ignotos
546 877 652 937 terrae
684 873 768 937 filios
805 873 1018 939 nominamus.
1065 875 1139 940 eius

121 963 208 1028 filius
234 963 382 1048 Iuppiter
410 963 525 1028 Oratae
553 961 683 1026 excluso
711 964 845 1045 parente
872 963 1037 1046 regnauit,
1067 963 1139 1028 illic

122 1052 212 1135 obiit,
235 1052 304 1117 illic
326 1052 412 1116 filios
431 1050 561 1115 habuit:
585 1050 689 1114 adhuc
708 1054 838 1114 antrum
855 1050 945 1114 Iouis
965 1051 1083 1115 uisitur
1102 1056 1139 1117 et

122 1141 303 1225 sepulcrum
328 1141 396 1204 eius
420 1138 609 1222 ostenditur,
633 1142 667 1203 et
688 1139 768 1221 ipsis
795 1140 895 1203 sacris
925 1140 991 1204 suis
1019 1140 1138 1205 huma·
1154 1163 1178 1202 ro

87 1230 237 1296 enitatis
258 1229 414 1314 arguitur.
443 1229 586 1294 otiosum
604 1232 656 1292 est
673 1227 721 1291 ire
740 1249 797 1312 per
816 1227 962 1311 singulos
980 1231 1139 1294 ettotam

123 1319 240 1384 seriem
266 1317 395 1402 generis
417 1317 513 1381 istius
538 1317 707 1400 explicare,
730 1337 804 1381 cnm
827 1316 861 1379 in
884 1316 997 1399 primis
1020 1339 1139 1401 paren-

121 1407 209 1471 tibus
236 1406 376 1491 probata
403 1405 585 1470 mortalitas
613 1405 649 1468 in
676 1407 800 1469 ceteros
828 1404 899 1488 ipso
925 1404 1037 1469 ordine
1065 1428 1138 1471 suc·

115 1494 278 1559 ‘cessionis
297 1494 471 1578 influxerit,
490 1493 554 1557 nisi
570 1493 655 1558 forte
669 1497 896 1577 postmortem
910 1493 988 1558 deos
1002 1495 1139 1579 fingitis,

121 1586 158 1648 ut
185 1584 367 1666 perierante
389 1581 528 1648 Proculo
557 1584 636 1646 deus
658 1581 817 1646 Romulus
847 1586 880 1646 et
907 1580 989 1646 Iuba
1011 1581 1139 1649 Mauris
1155 1605 1178 1646 re

122 1673 308 1738 uolentibus
329 1672 407 1737 deus
426 1676 476 1737 est
494 1675 528 1735 et
547 1671 615 1735 diui
633 1671 731 1736 ceteri
749 1690 853 1755 reges,
876 1672 931 1754 qui
951 1692 1139 1736 consecran-

122 1766 177 1824 tur
199 1783 265 1826 non
288 1761 328 1825 ad
351 1761 448 1824 fidem
475 1760 633 1842 numinis,
661 1758 716 1823 sed
740 1760 779 1823 ad
803 1760 960 1824 honorem
984 1762 1139 1826 emeritae

71 1867 104 1915 10
122 1850 307 1932 potestatis.
343 1849 456 1912 inuitis
479 1847 532 1912 his
556 1847 693 1931 denique
712 1847 774 1912 hoc
791 1870 912 1915 nomen
930 1849 1139 1916 adscribitur:

124 1940 240 2020 optant
266 1937 301 2002 in
323 1937 455 2001 homine
479 1956 699 2021 perseuerare,
726 1937 797 2014 fieri
820 1959 854 2001 se
878 1937 955 2002 deos
979 1942 1138 2024 metuunt,

123 2026 185 2090 etsi
208 2025 273 2089 iam
298 2046 391 2090 senes
409 2025 535 2090 nolunt.
566 2045 643 2110 ergo
662 2026 778 2090 necde
801 2027 938 2090 mortuis
957 2026 1011 2109 dii,
1034 2048 1139 2110 quon·
1155 2048 1178 2087 ac

123 2116 188 2178 iam
208 2114 285 2179 dens
310 2115 394 2178 mori
416 2136 483 2179 non
506 2119 624 2198 potest,
646 2135 705 2179 nec
722 2113 767 2178 dii
785 2114 856 2178 nati
876 2117 960 2199 sunt,
984 2115 1138 2198 quoniam

123 2203 262 2268 moritur
291 2225 387 2269 omne
414 2203 501 2288 quod
529 2204 689 2287 nascitnr3
720 2203 865 2267 diuinum
889 2203 1055 2267 autemid
1078 2211 1139 2289 est,

72 2309 103 2356 11
124 2292 210 2376 quod
227 2314 287 2357 nec
307 2296 413 2358 ortum
434 2292 534 2356 habet
551 2313 611 2356 nec
630 2306 789 2357 occasum.
826 2313 883 2356 cur
901 2293 997 2375 enim,
1021 2293 1049 2356 si
1067 2295 1139 2358 nati

124 2384 209 2465 sunt,
231 2403 298 2447 non
321 2381 481 2466 hodieque
500 2379 699 2445 nascuntur?
721 2381 786 2445 nisi
804 2380 888 2445 forte
906 2381 973 2445 iam
990 2380 1140 2465 Iuppiter

125 2471 232 2534 senuit
259 2475 293 2535 et
320 2474 433 2553 partus
456 2470 491 2533 in
514 2469 640 2533 Iunone
664 2468 781 2534 defecit
804 2474 836 2535 et
857 2468 1005 2534 Minerua
1029 2472 1140 2535 canuit
1156 2492 1178 2532 ar

124 2562 298 2641 antequam
330 2558 465 2641 peperit.
511 2579 552 2621 an
584 2557 656 2622 ideo
690 2559 831 2623 cessauit
866 2559 930 2622 ista
962 2559 1139 2643 generatio,

124 2647 278 2731 quoniam
303 2645 394 2710 nulla
417 2645 602 2710 huiusmodi
624 2645 744 2711 fabulis
767 2647 942 2732 praebetur
966 2646 1139 2713 adsensio?

73 2752 105 2800 12
124 2738 267 2800 ceterum
296 2734 324 2798 si
351 2734 397 2799 dii
425 2755 533 2799 creare
560 2740 708 2819 possent,
738 2736 872 2801 interire
899 2758 968 2801 non
995 2741 1140 2821 possent,

123 2823 233 2907 plures
262 2823 342 2888 totis
369 2823 555 2889 hominibus
583 2824 659 2890 deos
687 2825 896 2908 haberemus,
923 2826 961 2888 ut
988 2825 1054 2889 iam
1082 2845 1138 2889 eos

124 2933 183 2976 nec
210 2913 334 2976 caelum
363 2913 544 2977 contineret
569 2934 630 2978 nec
657 2934 712 2977 aer
740 2916 868 2997 caperet
890 2934 950 2977 nec
973 2916 1061 2977 terra
1084 2933 1138 2998 ge·
1155 2935 1178 2975 a(

125 3004 234 3066 staret.
270 3001 354 3066 unde
373 3001 581 3066 manifestum
601 3004 651 3066 est
668 3001 817 3066 homines
835 3002 910 3067 illos
929 3001 1038 3086 fuisse,
1057 3024 1139 3087 quos

196 3199 213 3246 4
231 3194 289 3265 nel]
311 3195 341 3248 et
359 3195 399 3250 ed.
414 3210 459 3262 pr.
474 3195 484 3263 ΙΙ
502 3199 527 3260 5,
542 3200 558 3248 6
577 3192 623 3248 uel
641 3193 786 3262 repentino
805 3192 967 3248 aduenisset
986 3195 1029 3248 est
1047 3193 1139 3248 dictus

125 3264 225 3318 addidi
243 3266 341 3333 (supra
355 3282 385 3334 p.
405 3263 520 3331 XXXII)
535 3265 575 3334 Ι]8
595 3266 688 3319 orecte
706 3267 749 3334 Pu
764 3269 796 3319 15
815 3266 848 3319 ut
867 3265 1025 3320 Meuaniae:
1043 3267 1072 3319 et
1092 3269 1112 3316 1³
1134 3265 1137 3337 t

124 3332 192 3386 iuua
218 3339 238 3384 P
265 3337 275 3403 ΙΙ
301 3340 334 3388 21
363 3338 459 3404 potest
486 3336 641 3390 Wowerue:
669 3337 765 3403 posset
792 3341 812 3388 P
841 3339 845 3398 Ι
875 3351 927 3389 neo
960 3335 1001 3389 dii
1032 3335 1093 3390 nati
1123 3344 1138 3391 s

126 3405 171 3472 (=
183 3406 257 3472 sunt)
271 3407 384 3474 scripsi.-
398 3423 449 3461 neo
464 3406 498 3460 de
512 3406 586 3461 natis
599 3411 619 3457 P
633 3405 643 3476 Η
656 3411 690 3460 27
704 3406 851 3477 qnoniam]
866 3409 960 3462 malim
974 3406 1049 3474 quod
1063 3407 1122 3460 iam

126 3480 159 3529 28
184 3491 278 3530 creare
301 3476 411 3544 possint
429 3483 460 3544 P,
484 3493 553 3532 corr.
574 3476 716 3545 Gelenius,
741 3479 798 3533 aiei
816 3480 889 3548 qaod
907 3478 996 3532 creari
1013 3478 1113 3533 maluit

127 3550 160 3599 30
180 3562 246 3601 aera
263 3551 291 3600 P.
