2468 3996
156 194 196 258 18
512 193 657 249 MINUCII
675 193 812 249 FELICIS

153 342 239 423 tum,
260 360 327 404 non
350 338 437 423 quod
460 339 569 403 omnia
592 339 815 422 comperisset,
839 339 896 404 sed
917 339 1003 423 quod
1027 339 1110 404 nihil
1134 363 1170 406 se

155 428 236 492 seire
265 427 442 492 didicisset:
470 428 518 492 ita
546 427 712 492 confessae
739 428 913 512 inperitiae
942 450 1070 493 summa
1092 451 1170 513 pru·

118 533 134 582 a
155 516 265 581 dentis
283 519 342 581 est
373 516 436 581 hoo
454 515 545 580 fonte
565 516 697 581 defluxit
710 516 874 581 Arcesilae
892 538 951 582 nec
971 517 1074 582 multo
1093 523 1170 600 post

155 603 329 672 Carneadis
357 609 385 669 et
413 603 568 687 Pprronis
595 608 628 669 et
655 605 921 670 Academicorum
953 607 1169 689 plurimorum

153 696 188 758 in
215 694 351 758 summis
380 693 626 777 quaestionibus
653 696 726 758 tuta
753 694 928 777 dubitatio,
958 717 1021 778 quo
1050 715 1169 780 genere
1198 711 1212 750 ⁵

152 781 378 866 philosophari
399 785 432 846 et
451 786 543 846 caute
562 782 685 847 indocti
704 787 841 866 possunt
860 787 893 847 et
912 783 999 848 docti
1018 783 1169 868 gloriose.

119 869 244 954 equid,
273 868 447 935 Simonidis
475 871 583 935 melici
609 891 718 936 nonne
746 871 934 936 admiranda
957 873 1106 938 omnibus
1136 876 1170 937 et

154 959 309 1023 sectanda
336 959 522 1024 cunetatio?
555 959 611 1042 qui
635 956 818 1023 Simonides
847 981 920 1024 curn
948 960 987 1024 de
1013 982 1063 1044 eo,
1091 961 1168 1044 quid

154 1051 187 1112 et
210 1048 322 1131 quales
346 1048 559 1112 arbitraretur
582 1048 670 1131 deos,
693 1048 734 1111 ab
753 1046 897 1113 Hierone
916 1052 1054 1132 tyranno
1073 1071 1169 1134 quae·

153 1140 286 1219 reretur,
312 1137 418 1219 primo
445 1135 673 1201 deliberationi
697 1136 781 1200 diem
803 1138 913 1221 petiit,
939 1138 1095 1220 postridie
1120 1137 1212 1202 bi-10

154 1226 253 1288 duum
276 1246 374 1309 porro
397 1225 540 1310 rogauit,
567 1247 643 1290 mox
667 1225 806 1290 alterum
828 1229 958 1291 tantum
981 1226 1166 1293 admonitus

154 1313 309 1378 adiunxit.
346 1317 510 1398 postremo
539 1335 612 1378 eum
641 1335 755 1378 causas
783 1317 896 1379 tantae
924 1336 1033 1379 morae
1056 1319 1166 1398 tyran-

153 1423 214 1466 nus
237 1402 424 1486 inquireret,
447 1402 615 1486 respondit
637 1402 704 1486 ille,
727 1402 813 1486 quod
837 1402 900 1468 sibi
923 1407 1046 1486 quanto
1065 1405 1168 1487 inqui·

154 1489 229 1555 sitio
257 1488 382 1555 tardior
408 1493 569 1575 pergeret,
583 1494 694 1556 ‘tanto
722 1491 843 1555 ueritas
870 1491 962 1555 fieret
991 1492 1167 1557 obscurior.

118 1594 226 1657 annea
253 1600 381 1663 quoque
411 1579 562 1663 opinione
587 1601 669 1664 quae
697 1583 773 1644 sunt
799 1579 910 1662 dubia,
938 1584 975 1643 ut
999 1585 1088 1660 sunt,
1116 1597 1211 1645 re-15

153 1668 329 1751 linquenda
353 1671 442 1752 sunt,
464 1689 524 1732 nec
547 1671 598 1732 tot
621 1690 658 1732 ae
681 1667 782 1733 tantis
806 1668 886 1733 uiris
910 1668 1168 1735 deliberantibus

152 1761 274 1820 temere
302 1760 335 1820 et
363 1756 528 1820 audaciter
554 1757 590 1819 in
617 1757 752 1820 alteram
785 1762 912 1839 partem
939 1757 1070 1822 ferenda
1097 1779 1168 1822 sen·

151 1845 255 1909 tentia
274 1848 332 1927 est,
350 1865 391 1907 ne
410 1849 468 1908 aut
486 1843 583 1908 anilis
601 1844 774 1908 inducatur
789 1847 976 1929 superstitio
992 1851 1049 1911 aut
1063 1848 1167 1912 omnis

152 1924 276 2016 religio'
290 1931 495 1996 destruatur?

101 2019 146 2087 14
220 2018 273 2086 Sic
297 2017 457 2085 Caecilius
486 2024 519 2084 et
545 2020 696 2085 renidens
720 2018 811 2106 (nam
838 2022 1073 2108 indignationis
1098 2025 1167 2090 eius
1183 2042 1211 2082 2⁰

152 2113 315 2174 tumorem
334 2109 454 2174 effusae
474 2109 630 2175 orationis
649 2111 792 2194 impetus
806 2111 1024 2197 relaxauerat)
1040 2111 1167 2196 ‘ecquid

153 2199 194 2262 ad
221 2197 313 2263 haee'
338 2199 386 2263 ait
410 2196 519 2263 ‘audet
542 2197 710 2284 Octauius,
737 2200 836 2265 homo
857 2199 1027 2265 Plautinae
1054 2222 1167 2284 prosa·
1222 2251 1225 2256 .

151 2288 239 2372 piae,
268 2291 305 2352 ut
332 2288 527 2353 disertorum
550 2289 755 2371 praecipuus,
783 2289 831 2353 ita
854 2293 1039 2372 postremus
1062 2290 1165 2373 philo-

117 2393 133 2442 2
153 2375 367 2460 sophorumi'
392 2375 521 2460 ‘parce',
544 2377 687 2460 inquam,
710 2376 852 2442 ‘tibimet
873 2378 1039 2463 plaudere3
1062 2400 1166 2462 neque

153 2465 240 2528 enim
268 2465 359 2548 prius
387 2466 531 2537 exultare
558 2467 592 2528 te
621 2465 755 2551 dignum
784 2470 834 2530 est
857 2466 1076 2532 concinnitate
1100 2490 1167 2532 ser·
1182 2485 1210 2525 25

152 2553 258 2618 monis
274 2575 371 2636 quam
386 2553 548 2638 utrimque
563 2554 690 2636 plenius
705 2553 803 2619 fuerit
815 2559 1012 2640 peroratum,
1025 2557 1167 2621 maxime

153 2663 226 2704 oum
254 2662 321 2705 non
349 2641 450 2725 laudi,
479 2645 530 2706 set
556 2643 686 2707 ueritati
714 2642 908 2727 disceptatio
937 2648 1046 2709 uestra
1074 2646 1166 2709 anni·

117 2733 250 2795 statur.
291 2732 324 2794 et
352 2751 545 2815 quamquam
574 2752 730 2816 magnum
757 2733 790 2799 in
818 2731 949 2797 modum
977 2754 1028 2797 me
1052 2735 1167 2798 subtili

224 2909 240 2958 2
260 2903 397 2960 confessio
416 2905 600 2961 Heumannns
619 2908 658 2975 (at
676 2908 869 2975 interpretare:
892 2908 1014 2975 confessa
1033 2909 1167 2976 inperitia

151 2992 284 3031 annnam
302 2976 334 3030 in
352 2992 379 3030 se
397 2975 477 3030 babet
491 2978 680 3046 prudentiam)
695 2979 734 3045 113
754 2977 870 3032 arcesila
889 2983 909 3030 P
925 2979 929 3045 1
945 2995 996 3032 nec
1019 2978 1166 3034 Usenerns:

153 3049 182 3103 et
195 3053 214 3100 P
228 3048 237 3116 11
252 3052 269 3101 4
283 3046 428 3102 carneadis
442 3063 475 3101 err
490 3048 538 3102 -tis
553 3063 621 3103 corr.
636 3053 655 3100 P
672 3053 675 3113 1
692 3050 722 3103 et
733 3047 865 3117 Pyrronis
879 3050 943 3104 add.
955 3048 1092 3105 Vallenns
1105 3052 1165 3104 coli.

152 3136 173 3174 c.
194 3123 237 3186 38,
258 3120 327 3188 5117
347 3117 497 3173 simonides
514 3118 618 3173 melchi
636 3124 656 3171 Ρ
674 3121 713 3187 118
733 3117 889 3174 Simonides
909 3121 977 3176 delet
1001 3120 1140 3176 Woroerns
1158 3124 1167 3193 Ι1

152 3195 167 3243 9
183 3192 346 3258 quereretur
359 3188 398 3270 Ρ11
409 3195 441 3244 10
451 3187 523 3258 petit
532 3189 680 3258 posttridie
691 3188 730 3315 Pp
739 3195 782 3258 10,
794 3194 826 3242 11
836 3189 953 3244 biduum
963 3190 1128 3260 prorogauit
1137 3198 1166 3261 P,

152 3261 259 3314 correxi
272 3261 282 3327 11
303 3265 335 3312 12
355 3258 494 3331 adrunxit]
512 3278 530 3313 x
548 3262 580 3315 in
598 3275 653 3314 ras.
673 3264 691 3314 3
729 3266 842 3315 nctnnrn
859 3267 879 3312 P
897 3261 906 3330 11
924 3269 958 3317 20
976 3263 1099 3316 renitens
1118 3268 1138 3313 P
1158 3268 1167 3333 1

152 3335 185 3384 21
210 3328 310 3396 ecquid
333 3330 464 3385 Ursinus:
493 3333 521 3385 et
544 3330 594 3399 qui
617 3336 636 3383 P
663 3333 672 3400 11
700 3337 734 3385 23
758 3331 924 3387 disertorum
947 3333 1046 3400 scripsi
1069 3335 1167 3401 (snpra

149 3417 178 3470 p.
189 3398 303 3466 XXVI):
322 3399 488 3468 pistorumP
502 3403 511 3472 11
525 3407 560 3455 24
577 3400 691 3456 tibimet
708 3403 820 3473 scripsi:
843 3403 871 3457 in
891 3408 983 3457 eumP
997 3405 1006 3471 11
1020 3408 1053 3458 27
1072 3403 1165 3458 laudis

152 3473 182 3527 et
199 3477 219 3524 P
242 3473 246 3540 1
272 3471 415 3611 militur
433 3472 577 3526 Halmius:
596 3471 702 3528 nitatur
720 3479 740 3526 P
759 3479 822 3544 (qno
841 3479 948 3529 sernato
966 3473 1089 3528 Korbins
1109 3491 1164 3528 ser-

151 3543 211 3598 uire
230 3546 294 3598 ante
312 3557 341 3596 se
369 3581 375 3595 .
