2468 3996
122 223 165 289 58
475 220 619 278 MINUOII
637 221 776 277 FELICIS

123 368 303 454 ingenitum
325 367 468 433 furorem
480 338 636 451 'perditae
659 365 777 431 mentis
795 366 944 433 licentiae
963 371 1140 457 potestatis

89 472 106 522 8
126 456 226 522 libere
239 457 467 522 nundinentur.
500 456 621 540 absque
635 455 722 520 enim
736 454 853 520 notitia
866 454 918 521 dei
932 478 1017 541 qnae
1031 463 1141 542 potest

125 567 195 611 esse
219 544 322 611 solida
344 543 505 610 felicitas?
534 566 607 609 cum
630 565 718 608 mors
742 542 838 628 subit,
861 544 990 611 somnio
1016 547 1140 630 similis,

89 638 300 719 cantequam
329 636 470 718 tenetur,
502 633 651 711 elabitur.
695 653 752 696 rex
779 652 829 697 es:
861 633 918 698 sed
944 628 1016 699 tam
1044 636 1139 715 tiiires

125 744 222 806 quam
245 720 370 786 timeris
394 725 435 806 et,
459 721 637 806 quamlibet
660 719 704 785 sis
728 719 832 785 multo
856 714 1015 813 comitatii
1040 710 1169 877 stipa-s

124 815 190 892 tus,
215 809 255 875 ad
277 810 454 894 periculum
477 813 588 874 tamen
612 810 699 874 solus
723 829 766 872 es.
803 809 893 874 diues
916 810 964 875 es':
995 811 1053 876 sed
1091 834 1139 879 or·

122 902 219 962 tunae
242 898 328 963 male
351 898 490 963 creditur
514 902 547 962 et
569 917 689 983 magno
708 895 831 962 uiatico
849 897 949 985 breue
968 894 1059 991 uitae
1078 900 1140 966 lter

72 1003 106 1054 10
124 1009 191 1052 non
213 987 394 1070 instruitur,
419 986 474 1051 sed
493 989 650 1051 oneratur.
685 984 828 1050 fascibus
847 989 880 1050 et
898 988 1055 1072 purpuris
1074 991 1139 1077 glo

123 1075 232 1141 riaris:
254 1097 357 1140 uanus
381 1097 471 1139 error
494 1073 635 1139 hominis
655 1077 687 1137 et
705 1073 813 1138 inanis
832 1074 938 1139 cultus
957 1074 1139 1162 dignitatis,

125 1163 249 1249 fulgere
273 1186 424 1248 purpura,
447 1167 556 1228 mente
580 1161 773 1227 sordescere.
809 1162 980 1229 nobilitate
1004 1184 1170 1251 genero-n

125 1274 179 1316 sus
203 1274 246 1336 es,
268 1255 419 1335 parentes
443 1255 517 1317 tuos
541 1250 670 1315 laudas:
695 1271 805 1315 omnes
828 1255 940 1316 tamen
957 1253 1031 1336 pari
1051 1261 1138 1322 sorte

70 1357 105 1405 11
124 1340 301 1419 nascimur,
329 1341 398 1406 sola
423 1339 544 1404 uirtute
568 1338 809 1424 distinguimur.
855 1361 916 1405 nos
938 1340 1055 1427 igitur,
1084 1345 1139 1429 qni

123 1428 269 1494 moribus
288 1430 321 1491 et
338 1427 461 1512 pudore
478 1448 652 1512 censemur,
671 1427 788 1492 merito
803 1428 896 1493 malis
910 1429 1137 1513 uoluptatibus

124 1520 156 1582 et
182 1517 312 1602 pompis
340 1520 372 1582 et
400 1516 592 1601 spectaculis
615 1516 731 1581 uestris
755 1512 971 1602 abstinemus,
999 1541 1138 1604 quorum

123 1608 157 1670 et
185 1605 222 1670 de
251 1605 352 1670 sacris
381 1605 540 1690 originem
563 1606 713 1670 nouimus
737 1607 770 1668 et
791 1605 888 1671 noxia
910 1605 1170 1675 blandimentau

124 1693 323 1759 damnamus.
359 1716 437 1759 nam
459 1693 495 1758 in
517 1693 602 1758 ludis
625 1693 805 1758 currulibus
830 1693 901 1778 quis
919 1714 986 1760 non
1004 1695 1139 1763 horreat

123 1782 238 1866 populi
260 1784 295 1846 in
318 1803 351 1847 se
373 1782 510 1846 rixantis
533 1781 716 1848 insaniam?
747 1781 783 1845 in
806 1782 1012 1867 gladiatoriis
1035 1782 1139 1851 horni-

71 1887 106 1936 12
124 1870 199 1934 cidii
223 1869 453 1953 disciplinam?
488 1869 525 1933 in
548 1870 681 1934 scenicis
705 1870 805 1935 etiam
827 1893 895 1936 non
917 1872 1026 1937 minor
1047 1872 1139 1940 furor

124 1960 157 2022 et
179 1957 346 2043 turpitudo
370 1957 540 2044 prolixior3
565 1979 651 2023 nunc
674 1959 763 2023 'enim
785 1959 904 2024 mimus
926 1960 981 2025 u'el
1006 1963 1139 2046 exponit

124 2045 284 2111 adulteria
313 2047 367 2112 uel
390 2049 566 2133 monstrat,
594 2068 680 2112 nunc
703 2047 829 2113 eneruis
851 2047 969 2113 histrio
993 2060 1172 2117 amoremn

124 2135 200 2199 dum
219 2136 324 2222 fingit,
342 2136 464 2220 infigit3
483 2134 569 2201 idem
587 2135 664 2202 deos
682 2139 808 2201 uestros
827 2136 1007 2202 inducendo
1024 2143 1139 2224 stupra

125 2224 263 2308 suspiria
290 2225 364 2291 odia
392 2224 575 2308 dedecorat,
604 2225 691 2290 idem
720 2224 880 2290 simulatis
904 2224 1072 2292 doloribus
1096 2229 1140 2293 la-

124 2313 240 2378 crimas
263 2316 388 2378 uestras
411 2314 504 2378 uanis
528 2313 674 2399 gestibus
693 2316 725 2378 et
743 2313 877 2378 nutibus
895 2319 1068 2398 prouocat:
1093 2317 1139 2384 sic

73 2397 323 2466 88homicidum
345 2402 381 2466 in
398 2423 476 2467 uero
494 2401 660 2487 flagitatis,
682 2402 716 2466 in
735 2401 902 2468 mendacio
920 2402 1013 2468 fletis.
1051 2406 1139 2488 quod

125 2511 202 2554 uero
235 2490 468 2555 sacrificiorum
500 2491 652 2574 reliquias
685 2493 718 2555 et
747 2491 865 2574 pocula
892 2490 1037 2557 delibata
1064 2508 1174 2559 con-a

124 2578 310 2660 temnimus,
333 2599 401 2642 non
425 2576 584 2643 confessio
608 2577 736 2644 timoris
759 2582 818 2661 est,
841 2579 898 2643 sed
920 2600 1017 2645 uerae
1040 2578 1140 2648 liber·

124 2666 204 2729 tatis
229 2665 377 2731 adsertio.
413 2688 490 2730 nam
513 2667 575 2732 etsi
599 2688 693 2733 omne
716 2665 802 2751 quod
819 2667 963 2733 nascitur
980 2672 1018 2732 ut
1035 2670 1140 2757 inuio-

125 2754 224 2818 labile
248 2754 299 2818 dei
323 2776 439 2820 munus
457 2756 548 2820 nullo
568 2777 663 2839 opere
682 2757 913 2840 conrumpitur,
936 2755 1140 2824 abstinemus

124 2845 248 2925 tamen,
276 2865 318 2907 ne
345 2844 419 2928 quis
445 2863 503 2909 nos
530 2844 693 2910 existimet
720 2847 777 2910 aut
800 2843 992 2927 daemoniis,
1020 2846 1139 2929 quibus

198 3005 210 3052 1
230 2997 387 3069 ingenitum
406 2997 527 3053 furorem
547 3001 660 3069 scripsi:
681 2999 826 3068 ingenium
845 3016 942 3060 eorum
960 3005 993 3067 P,
1012 3017 1065 3069 qao
1083 3018 1140 3058 ser-

124 3074 190 3124 uato
209 3071 317 3124 mentes
335 3067 452 3124 licentia
469 3071 614 3126 durissime
627 3071 770 3141 Ripaltias
783 3070 822 3140 113
841 3086 916 3125 mors
935 3070 1012 3125 subit
1025 3073 1141 3142 scripsi.-

124 3156 198 3195 mors
217 3139 254 3194 sit
272 3145 292 3192 P
309 3156 385 3194 mors
404 3141 471 3195 delet
493 3140 611 3198 Ursinus
629 3158 741 3211 prorsus
759 3142 797 3197 sit
816 3140 953 3197 Venuleius
972 3143 982 3210 ΙΙ
1003 3147 1020 3211 ,4
1039 3159 1069 3198 es
1088 3142 1142 3199 sed

124 3210 279 3280 Ripalle'us:
302 3213 376 3266 esset
397 3228 432 3275 m.
450 3217 476 3279 1,
501 3229 531 3266 es
554 3216 583 3268 et
600 3230 634 3267 oc.
653 3216 711 3268 21³
734 3212 743 3281 ΙΙ
768 3218 800 3267 10
818 3211 982 3267 nobilitates
1001 3212 1021 3264 P
1038 3229 1074 3268 m.
1094 3220 1112 3269 1
1130 3214 1142 3290 ll

125 3286 159 3335 14
179 3283 207 3334 et
224 3282 335 3351 pompis
353 3283 454 3337 nestris
472 3287 502 3338 at
520 3282 688 3353 spectaculis
703 3288 735 3349 P;
755 3282 858 3338 uestris
876 3284 997 3353 traiectu
1012 3289 1044 3339 17
1064 3284 1142 3341 inter

124 3369 153 3407 se
168 3351 352 3408 Heumaaaas
365 3354 374 3422 ss
389 3359 422 3408 18
441 3355 518 3408 furor
537 3356 566 3409 et
579 3353 733 3409 Mewrsias:
751 3355 843 3409 furore
857 3360 877 3407 P
890 3354 900 3424 ΙΙ
914 3359 946 3408 21
962 3353 1056 3425 infigit
1069 3372 1141 3412 aaa

123 3439 222 3494 aymus
244 3423 405 3479 Parisinus:
432 3424 537 3495 infligit
563 3430 583 3476 P
607 3426 612 3494 Ι
637 3424 778 3480 induendo
806 3431 839 3492 P,
870 3442 939 3481 corr.
968 3424 1108 3482 Venetiae
1131 3426 1142 3501 ll

124 3499 167 3561 ab,
182 3499 216 3548 26
236 3495 428 3563 contemnim’,
446 3496 492 3550 sed
510 3495 549 3549 m’
565 3496 597 3550 in
610 3511 664 3551 ras.
681 3513 714 3551 m.
730 3499 750 3552 2
764 3502 784 3549 P
797 3499 807 3566 l
821 3502 855 3552 29
869 3513 921 3551 nos
935 3496 1047 3551 addidit
1060 3496 1141 3554 Hae

123 3581 248 3620 maanus.
