2468 3996
122 200 165 264 38
477 196 620 252 MINUOII
637 195 776 252 FELICIS
803 204 805 208 '

121 344 265 429 perditae
292 343 411 408 mentis
439 343 473 406 in
500 343 566 407 ista
593 341 738 406 decidere
766 345 798 406 ct
825 341 931 426 ipsam
955 342 1142 408 errantium

122 434 251 498 turbam
274 436 387 498 mutua
411 430 474 496 sibi
497 431 678 515 patrocinia
701 429 889 515 praestare?
920 429 966 495 sic
989 429 1140 497 defensio

69 521 302 588 2licommunis
330 521 448 586 furoris
473 523 524 584 est
546 519 722 583 furentium
747 519 930 584 multidudo.
968 521 1141 585 attamen

122 612 187 676 ista
222 610 294 695 ipsa
332 609 519 694 superstitio
552 608 707 673 Romanis
747 607 835 672 dedit
866 607 955 672 auxit
987 607 1141 674 fundauit

122 700 307 783 imperium,
339 719 412 763 cum
445 720 512 764 non
543 700 613 763 tam
643 697 763 762 uirtute
791 718 889 781 quam
916 695 1076 782 religione
1106 702 1177 763 ets

122 789 243 872 pietate
266 788 434 872 pollerent.
470 787 624 851 nimirum
646 785 785 870 insignis
809 788 842 849 et
865 784 984 849 nobilis
1008 785 1140 852 iustitia

123 875 271 941 Romana
294 878 334 942 ab
357 876 438 960 ipsis
462 875 589 959 imperii
612 874 775 939 nascentis
799 873 1002 939 incunabulis
1026 876 1140 958 auspi-

88 969 196 1030 seata
220 967 278 1030 est.
315 986 424 1032 nonne
446 965 481 1029 in
504 968 577 1029 ortu
605 984 663 1028 suo
692 966 769 1028 sunt
798 964 918 1028 scelere
945 963 1074 1028 collecti
1104 967 1140 1028 et

122 1054 241 1119 muniti
259 1053 474 1118 immanitatis
494 1075 570 1118 suae
590 1055 713 1117 terrore
732 1050 923 1117 creuerunt?
946 1073 1022 1115 nam
1042 1053 1140 1136 asylo

122 1142 228 1227 prima
250 1144 342 1226 plebs
362 1145 561 1228 congregata
580 1145 643 1206 est:
668 1140 889 1206 confluxerant
907 1140 1034 1224 perditi,
1058 1140 1137 1205 faci·
1154 1160 1179 1200 re

123 1232 241 1315 nerosi,
263 1231 385 1316 incesti,
410 1231 526 1314 sicarii,
549 1229 743 1314 proditores,
768 1234 801 1295 et
823 1233 861 1294 ut
884 1228 952 1314 ipse
976 1229 1139 1296 Romulus

122 1320 301 1405 imperator
315 1324 347 1384 et
360 1325 468 1384 rector
483 1319 637 1403 populum
653 1341 747 1383 suum
760 1319 903 1383 facinore
916 1319 1139 1403 praecelleret,

122 1409 330 1492 parricidium
354 1408 439 1474 fecit.
477 1409 558 1472 haec
581 1408 686 1491 prima
705 1411 782 1472 sunt
801 1407 944 1491 auspicia
962 1406 1139 1492 religiosae

88 1513 103 1561 3
124 1497 274 1562 ciuitatis.
311 1518 387 1561 mox
411 1496 533 1561 alienas
556 1496 700 1580 uirgines
724 1496 803 1576 [iam
822 1495 1049 1579 desponsatas]
1069 1497 1138 1562 iam

123 1585 303 1651 destinatas
318 1589 351 1650 et
365 1586 540 1651 nonnullas
555 1585 592 1649 de
612 1585 820 1650 matrimonio
839 1586 1043 1649 mulierculas
1065 1585 1137 1650 sine
1153 1605 1179 1647 15

122 1696 212 1739 more
239 1675 347 1759 rapuit
369 1675 507 1739 uiolauit
525 1673 639 1738 inlusit
662 1677 785 1738 etcum
804 1696 915 1738 earum
935 1674 1139 1759 parentibus,

122 1762 228 1827 idest
252 1784 324 1827 eum
347 1763 468 1828 soceris
493 1763 573 1846 suis,
602 1762 723 1827 bellum
747 1763 890 1845 miscuit,
919 1762 1139 1846 propinquum

124 1852 316 1934 sanguinem
354 1850 445 1915 fudit.
487 1850 564 1936 quid
594 1849 828 1936 inreligiosiusr,
865 1852 941 1936 quid
974 1849 1139 1936 audacius,

87 1955 104 2002 4
124 1939 201 2024 quid
228 1938 300 2023 ipsa
329 1939 458 2004 sceleris
483 1938 676 2004 confidentia
699 1939 862 2005 astutius?
889 1940 956 2004 iam
978 1939 1137 2005 finitimos

123 2048 202 2113 agro
226 2028 360 2112 pellere,
383 2028 530 2093 ciuitates
554 2028 718 2112 proximas
742 2018 883 2094 euirtere
908 2051 980 2093 cunr
1003 2030 1138 2113 templis
1154 2050 1180 2090 eo

123 2120 155 2180 et
187 2116 356 2201 altaribus,
388 2121 502 2201 captos
535 2136 662 2201 cogere,
695 2116 821 2182 damnis
855 2117 968 2182 alienis
1002 2121 1034 2181 ct
1068 2120 1138 2182 suis

123 2205 296 2271 sceleribus
324 2206 506 2272 adolescere
535 2227 608 2270 cunr
630 2205 770 2272 Romulo
799 2206 931 2290 regibus
960 2206 1073 2271 ceteris
1104 2211 1139 2271 et

89 2299 200 2378 opost
222 2295 419 2378 reipublicae
443 2294 577 2360 ducibus
602 2295 774 2380 disciplina
794 2295 974 2360 communis
995 2298 1052 2359 est.
1089 2295 1138 2360 ita

125 2383 276 2469 quicquid
309 2383 448 2449 Romani
480 2387 594 2448 tenent
626 2384 737 2448 colunt
768 2384 951 2467 possident,
984 2383 1138 2448 audaciae

124 2473 243 2555 praeda
262 2476 325 2536 est:
349 2472 472 2558 templa
492 2473 600 2535 omnia
619 2471 657 2535 de
677 2472 849 2557 manubiis,
867 2473 899 2537 id
915 2476 964 2537 est
978 2471 1016 2536 de
1030 2473 1136 2538 ruinis
1153 2492 1180 2533 ea

125 2560 266 2643 urbium,
294 2560 333 2624 de
361 2561 473 2644 spoliis
502 2559 648 2643 deorum,
676 2560 715 2625 de
743 2560 895 2626 caedibus
924 2560 1136 2628 sacerdotum.

124 2648 186 2712 hoc
205 2648 360 2713 insultare
380 2652 412 2713 et
429 2647 574 2712 inludere
592 2652 649 2732 est,
669 2649 763 2714 uictis
777 2649 990 2734 religionibus
1005 2650 1137 2734 seruire,

90 2770 93 2777 ·
125 2737 270 2821 captiuas
289 2759 343 2802 eas
363 2741 438 2821 post
456 2738 609 2803 uictorias
629 2737 772 2803 adorare.
802 2761 879 2804 nam
899 2738 1033 2804 adorare
1052 2760 1136 2823 quae

125 2846 225 2890 manu
243 2827 374 2910 ceperiS,
398 2827 603 2912 sacrilegium
622 2830 672 2892 est
690 2849 888 2912 consecrare,
907 2850 972 2893 non
991 2828 1137 2895 numina.

89 2915 245 2982 ototiens
279 2935 356 3000 ergo
384 2915 541 2981 Romanis
573 2916 731 3001 inpiatum
764 2921 814 2982 est
842 2916 991 3000 quotiens
1023 2916 1136 2981 trium·
1152 2939 1182 2979 eo

197 3133 210 3179 1
232 3125 359 3180 decidere
377 3127 490 3194 scripsi:
508 3124 635 3194 desipere
652 3131 672 3176 P
690 3125 699 3194 {l
718 3131 733 3179 2
753 3123 794 3180 sie
813 3125 1007 3196 Wopkensius:
1024 3125 1071 3180 hio
1090 3133 1110 3178 P
1129 3129 1139 3199 J!

124 3196 235 3251 4ausit
251 3203 271 3248 P
290 3200 299 3268 ΙΙ
318 3203 333 3251 7
352 3197 454 3266 inperii
471 3203 491 3248 P
509 3199 519 3266 ΙΙ
540 3203 555 3252 8
575 3199 668 3265 it(=
687 3198 1005 3268 sunt)soripsi:et1’ll
1029 3203 1063 3251 14
1081 3199 1137 3253 uir-

123 3266 199 3335 ginis
212 3273 232 3318 P
248 3270 252 3334 1
268 3267 325 3322 iam
344 3268 526 3338 desponsatas
544 3269 653 3322 seclusit
671 3266 804 3322 Usenerus
817 3270 826 3338 ΙΙ
841 3275 874 3322 19
890 3268 1009 3323 astutius
1024 3271 1138 3337 scripsi:

123 3337 212 3391 tutius
235 3343 255 3388 P
277 3338 385 3408 turpius
409 3340 577 3394 Dombartus
599 3338 717 3392 taetrius
736 3339 868 3394 Halmius
890 3342 899 3410 l
922 3345 955 3394 23
979 3342 1044 3410 post
1066 3347 1137 3411 fessp.

124 3410 237 3477 scripsi:
255 3408 405 3478 postremis
421 3416 441 3461 P
460 3409 579 3478 posteris
597 3409 735 3465 Duuisius
752 3412 817 3478 post
834 3427 915 3481 reges
934 3411 1116 3481 Wopbmsius
1131 3416 1139 3486 {l

125 3483 159 3533 28
186 3481 280 3534 anatim
304 3479 431 3549 captiuos
454 3479 522 3535 deos
545 3481 599 3549 (est
620 3479 704 3535 uictis
727 3480 923 3552 religionibus,
951 3499 1008 3538 non
1031 3483 1138 3539 seruire

124 3551 258 3620 Korbius)
272 3553 281 3621 l
296 3557 329 3605 29
349 3551 442 3605 malim
461 3552 504 3606 est
522 3550 708 3622 sacrilegium.
