2468 3996
163 190 190 244 X
470 185 641 240 EDITORIS
660 185 873 240 PRAEFATIO.

163 333 256 397 illam
274 332 314 396 de
327 330 460 397 Christo
480 335 513 395 et
531 331 743 416 christologia
757 331 994 416 expositionem
1007 335 1066 396 aut
1079 333 1181 399 inter·

163 421 280 487 cidisse
312 417 384 506 (ubi
415 421 444 484 ei
476 421 567 486 locus
594 421 692 485 fuerit
719 420 754 484 in
781 425 851 484 tam
879 425 994 501 aperta
1020 425 1181 489 materiae

163 510 378 594 dispositione
401 509 537 573 indicari
560 509 685 594 nequit)
711 512 768 572 aut
789 509 984 592 pertinuisse
1008 511 1117 596 adea,
1139 513 1181 578 de

163 601 281 683 quibus
310 600 453 663 crastino
481 599 532 661 die
556 599 731 663 secundum
754 620 780 662 c.
803 597 848 662 39
871 596 1033 663 Caecilius
1057 604 1109 665 est
1131 601 1181 666 in·

163 687 348 753 stitucndus
376 685 452 773 (par
478 693 528 751 est
555 689 641 751 enim
670 687 703 751 id
732 687 942 751 fundamento
970 693 1068 753 antea
1091 689 1179 756 iacto

162 777 258 857 fieri).
294 776 397 860 igitur
419 776 475 840 alii
500 776 612 840 dicunt
635 773 691 849 (cf.
709 774 910 840 Dombartus
927 777 1088 842 nomionis
1107 799 1180 863 ger-

163 865 309 929 manicae
344 888 374 949 p.
403 864 483 931 VllI
502 867 600 950 sqq).
635 864 813 928 Minucium
846 869 935 929 certo
967 867 1106 931 consilio
1139 868 1180 934 de

164 952 289 1019 Christi
312 975 451 1037 persona
474 953 654 1038 ceterisque
677 955 773 1018 rebus
796 954 1005 1018 interioribus
1025 956 1180 1042 tacuisse,

162 1042 279 1106 harum
304 1043 531 1127 quaestionum
553 1043 707 1107 tractatio
730 1064 803 1106 cum
823 1042 909 1127 apud
927 1044 1067 1127 gentiles
1085 1045 1179 1130 igna-

162 1153 218 1196 ros
241 1136 372 1196 noceret
395 1132 500 1215 magis
524 1154 622 1216 quam
650 1131 826 1216 prodesset.
874 1132 923 1195 ita
949 1132 1005 1216 qui
1032 1135 1180 1198 sentiunt

163 1220 409 1373 obliuiscuutur,
428 1224 587 1304 quantum
602 1219 782 1285 intercedat
795 1219 967 1284 discrimen
982 1221 1068 1284 inter
1081 1244 1180 1306 quae·

163 1310 285 1374 sitones
304 1313 341 1373 ut
354 1310 402 1373 ita
417 1309 521 1373 dicam
536 1310 737 1392 theologicas
751 1310 793 1373 ab
807 1309 945 1372 ethnicis
961 1331 1039 1373 sane
1054 1311 1178 1377 alienas

163 1403 197 1462 et
219 1398 400 1480 simplicem
424 1419 535 1462 eorum
554 1420 637 1482 quae
656 1420 734 1462 uera
752 1398 874 1462 habent
860 1402 913 1462 tur
931 1397 1178 1466 confessionem.

164 1486 261 1550 uelim
285 1487 371 1549 enim
395 1486 487 1570 scire,
509 1486 582 1570 quis
606 1509 758 1571 umquam
782 1487 956 1572 apologeta
973 1488 1021 1552 ita
1037 1490 1179 1554 tacuerit

163 1578 201 1638 ut
219 1572 386 1640 Christum
408 1537 602 1640 saluatorem
626 1577 733 1640 uerbis
758 1577 880 1676 apertis
904 1575 1088 1659 praedicare
1107 1598 1178 1642 cae·

47 1710 50 1715 ·
162 1664 384 1748 rimoniasque
403 1685 476 1728 cum
496 1665 652 1748 religione
667 1663 787 1730 Christ'
763 1670 854 1728 hana
867 1665 1076 1729 cohaerentes
1091 1687 1178 1730 sum·

163 1753 278 1817 metim
302 1774 553 1817 commemorare
577 1757 749 1818 uereretur.
786 1775 863 1816 nam
882 1753 969 1838 quod
986 1752 1179 1821 Lactantius

164 1840 210 1921 [V
231 1841 266 1921 4]
290 1838 425 1904 Minucii
448 1841 568 1905 librum
592 1841 732 1906 fortasse
754 1842 930 1925 respiciens
954 1842 1033 1906 dicit
1057 1842 1095 1907 de
1116 1842 1176 1927 Ο]-

162 1929 271 2013 priani
292 1928 503 1995 Demetriano
525 1930 597 1995 baie
618 1931 780 2013 mabar,
802 1932 878 2012 quic
900 1933 1037 1996 nondum
1053 1937 1181 2014 poterat

162 2039 269 2100 capere
295 2019 420 2102 diuina,
445 2021 538 2100 prius
564 2019 704 2084 humana
732 2021 905 2084 testimonio
929 2020 1050 2102 offerri,
1078 2022 1115 2085 id
1134 2027 1181 2088 est

156 2107 411 2190 pbilosophorum
433 2113 462 2172 et
482 2107 710 2186 historicorum,
733 2114 769 2172 at
790 2109 857 2174 suis
875 2110 1072 2190 potissimum
1094 2111 1179 2191 refa-

163 2201 281 2260 tcretur
307 2197 495 2280 octobribus,
527 2196 560 2260 id
587 2219 665 2262 uero
694 2219 805 2263 omnes
834 2199 1025 2282 apologetae
1052 2201 1178 2282 priores

161 2285 211 2350 ita
241 2285 344 2350 secuti
375 2291 452 2350 sunt
480 2289 516 2350 ut
543 2287 696 2352 nimirum
724 2309 744 2350 a
771 2286 996 2351 reconditioris
1023 2288 1178 2372 cuiusque

162 2375 319 2439 materiae
339 2374 558 2459 disputatione
578 2376 789 2460 abstinerent,
809 2375 865 2439 sed
879 2375 1001 2439 frustra
1014 2377 1101 2440 inter
1115 2377 1176 2442 hos

163 2485 296 2549 quaeres
325 2465 380 2546 qui
408 2486 447 2528 ea
474 2486 557 2548 quae
585 2465 686 2528 libere
712 2486 790 2549 prae
814 2485 848 2527 se
871 2464 955 2527 ferre
979 2469 1012 2529 et
1035 2466 1178 2549 ingenue

162 2551 308 2636 profiteri
341 2551 473 2615 deberet
506 2553 628 2616 silendo
662 2552 926 2617 dissimulauerit.
978 2553 1034 2616 alii
1067 2557 1178 2619 autem

162 2639 216 2723 (of.
245 2639 306 2702 Th.
333 2639 479 2703 Keimius
511 2641 587 2706 libri
615 2640 712 2705 ‘Rom
739 2640 805 2705 und
834 2642 891 2705 das
920 2640 1178 2708 Christenthum'

161 2750 193 2812 p.
223 2725 303 2814 472)
336 2726 527 2812 Minucium,
563 2752 636 2795 cum
669 2730 840 2796 Octauium
874 2730 1040 2814 scriberet,
1074 2733 1177 2797 sacris

163 2817 350 2881 christianis
374 2839 486 2882 recens
509 2819 609 2884 fuisse
632 2819 783 2883 inbutum
806 2823 1027 2901 sumpserunt,
1056 2823 1092 2884 ut
1115 2819 1178 2885 soi·

162 2905 238 2969 licet
265 2904 357 2969 illum
384 2906 572 2990 ignorantia
600 2929 710 2972 eorum
739 2930 821 2992 quae
845 2907 1080 2972 christianismi
1102 2930 1178 2992 pro·

161 2995 234 3079 pria
258 2998 332 3059 sunt
355 2994 560 3060 laborantem
582 3018 641 3080 pro
662 3019 719 3061 suo
739 3001 837 3080 captu
855 3019 975 3061 nouam
994 2996 1177 3062 doctrinam

163 3080 343 3149 defendisse
376 3087 563 3149 statuerent
615 3085 667 3149 his
701 3086 930 3170 opponendum
963 3092 1027 3168 est,
1064 3086 1178 3169 paucis

162 3174 278 3237 saltem
298 3173 392 3237 anuis
412 3175 586 3257 antequam
601 3172 757 3238 Octauius
776 3173 915 3238 Romam
934 3175 1061 3238 ueniret
1080 3173 1120 3258 (c.
1139 3171 1177 3261 2)

162 3259 340 3326 Minucium
368 3263 436 3326 iam
464 3283 503 3326 ex
530 3284 674 3327 errorum
697 3262 840 3327 tenebris
863 3265 897 3327 in
920 3263 1025 3327 lucem
1049 3262 1179 3345 sapien·

162 3349 227 3412 tiae
251 3354 284 3413 et
307 3350 456 3415 ueritatis
480 3351 662 3433 emersisse,
685 3373 783 3434 porro
807 3353 917 3435 paucis
941 3351 1057 3416 saltem
1081 3351 1177 3416 annis

161 3441 237 3521 post
256 3436 510 3519 disputationem
530 3438 722 3524 Ostiensem,
746 3440 883 3505 Octauio
901 3461 1017 3522 nempe
1036 3444 1178 3525 mortu0,

161 3526 248 3591 hunc
278 3526 443 3612 dialogum
472 3548 541 3592 esse
570 3529 734 3613 scriptum.
781 3533 814 3592 et
841 3550 913 3593 cum
942 3529 1064 3593 maiore
1088 3530 1178 3613 quod
