2468 3996
71 201 123 256 XX
368 197 539 254 EDITORIS
558 124 776 255 pecunario.

75 364 178 428 genus
201 344 324 428 opponi
346 346 452 429 putas,
474 343 575 407 uerba
598 342 645 408 ‘in
668 342 954 408 contubernalibus
978 343 1088 429 dispu-

75 430 156 497 tare'
176 454 282 498 carere
302 454 340 497 eo
359 432 430 515 ipso
449 432 619 515 uocabulo,
637 453 701 515 quo
715 431 777 496 hoc
792 431 863 495 leue
878 433 911 496 et
925 432 1089 498 abiectum

77 541 178 606 genus
198 524 345 586 accurato
364 518 561 606 designetur,
582 519 663 584 mihi
681 518 838 584 concedas
857 522 999 604 oportet,
1016 543 1090 587 cum

76 610 267 693 praesertim
289 609 431 693 primum
454 609 551 674 colon
573 607 614 673 ‘si
635 608 744 691 placet
763 610 801 671 ut
820 606 996 691 disputem'
1016 631 1091 675 ean·

77 697 150 761 dem
178 696 431 781 disputationem
457 695 715 782 philosophicam
741 695 865 760 innuat
911 697 1090 763 statuimus

78 785 189 868 igitur,
213 786 350 851 alterum
373 783 562 869 ‘disputare'
586 806 626 849 ex
643 784 750 868 priore
769 782 956 867 ‘disputem'
974 789 1092 851 nutum

77 895 161 957 esse3
185 895 245 958 pro
269 895 333 957 quo
355 873 542 938 recordatus
566 894 676 945 eorum
700 893 782 955 quae
805 871 840 936 in
862 872 980 956 cepitis
999 875 1092 940 tertii

77 960 171 1026 initio
201 962 355 1046 leguntur
383 959 585 1026 ‘desiderare'
614 960 780 1045 rescripsi,
812 963 863 1025 est
890 964 1001 1026 autem
1029 961 1092 1029 ‘sa-

76 1049 257 1133 pientiam',
281 1053 396 1134 sponte
415 1053 452 1114 ut
470 1053 616 1134 apparet,
639 1070 810 1114 commune
829 1048 993 1115 obiectum
1010 1050 1091 1117 utri·

80 1160 117 1203 us
141 1160 181 1203 ue
202 1137 302 1203 uerbi.

120 1160 172 1292 qc.
190 1226 220 1310 5,
236 1227 259 1290 4
277 1230 411 1308 euporius
428 1226 546 1290 nntium
563 1226 657 1290 etium
675 1226 882 1292 sordidorum.
918 1225 977 1291 alii
996 1227 1093 1293 aliter

80 1336 152 1380 cum
175 1315 227 1378 hie
251 1315 373 1380 uellent
395 1314 498 1379 lucem
518 1313 652 1397 adferre,
675 1314 757 1378 mihi
776 1314 817 1378 ab
834 1313 908 1398 ipsu
928 1316 1093 1381 sententia

80 1401 221 1468 Caecilio
240 1403 376 1487 indigna
394 1401 435 1466 ad
453 1424 566 1466 uerum
579 1402 808 1467 inueniendum
822 1402 1092 1486 proficiscendum

80 1489 218 1556 uidetur.
254 1512 331 1555 nam
353 1493 390 1554 ut
413 1492 483 1554 erat
506 1491 685 1556 communis
709 1494 779 1555 tum
803 1491 921 1575 opinio,
944 1491 1092 1557 christia

82 1600 141 1643 nos
164 1599 268 1663 neque
290 1578 524 1663 philosophicis
548 1578 664 1644 studiis
685 1600 790 1664 neque
809 1578 941 1646 omnino
959 1579 1093 1647 ιιιιιιιιι-

81 1667 169 1732 tione
192 1667 352 1733 litteraria
375 1689 444 1732 esse
467 1668 607 1752 inbutos,
629 1668 677 1731 ita
701 1667 830 1733 eosdem
853 1669 983 1734 tuntum
1005 1672 1092 1734 artes

83 1754 228 1820 sordidas
255 1755 401 1839 profiteri
427 1777 523 1820 nemo
550 1755 615 1820 nisi
643 1759 754 1839 aperte
776 1756 932 1820 mentitus
957 1761 1093 1823 conten·

82 1843 157 1907 dere
179 1844 300 1927 potuit,
327 1842 472 1908 omnium
495 1843 628 1908 minime
651 1844 876 1928 praesentibus
900 1843 1037 1911 Octauio
1060 1848 1094 1912 et

82 1930 223 1998 Minucio
248 1929 419 1997 Caecilius.
464 1930 515 1995 ‘ex
537 1930 640 2017 parte’
663 1932 733 1996 erui
756 1954 795 1997 ex
818 1931 998 2017 ‘expertes'.

171 2041 196 2084 c.
225 2019 260 2104 5,
288 2021 307 2084 8
339 2020 553 2085 eleuentonurn
584 2025 621 2085 ut
649 2021 831 2087 uoluntaria
862 2022 1011 2088 concretio
1042 2027 1093 2089 est

83 2108 220 2192 paruula
238 2129 303 2174 uox
322 2106 381 2173 ‘ut’
402 2107 465 2173 dici
483 2109 596 2193 nequit
615 2111 738 2194 quanta
757 2109 907 2175 excitarit
925 2111 1095 2177 molimina

83 2195 250 2262 doctorum
274 2200 331 2262 aut
353 2196 527 2262 dolentium
550 2199 608 2263 aut
630 2198 665 2262 in
686 2196 797 2262 *uelut
817 2199 885 2264 siue
904 2198 939 2262 in
957 2196 1094 2284 ‘utique'

82 2286 289 2352 mutantium.
325 2286 401 2371 quid
425 2287 511 2370 quod
535 2287 590 2371 qui
613 2284 855 2353 ‘inuolunteria'
880 2289 913 2351 et
932 2285 1094 2355 'fortuita'

83 2376 116 2437 et
148 2372 295 2440 ‘fortuita
326 2377 383 2440 aut
415 2373 612 2441 uoluntaria'
645 2375 867 2459 excogitarent
894 2374 1096 2445 extiterunt?

84 2482 145 2546 ego
172 2485 250 2528 uero
280 2467 357 2547 post
384 2485 423 2528 ea
450 2485 532 2546 quae
559 2466 579 2544 ὅ
604 2465 622 2527 7
652 2463 797 2548 exposita
825 2467 902 2528 sunt
929 2464 1095 2530 abundare

84 2549 286 2615 uoluntariae
309 2551 523 2616 concretionis
547 2552 744 2617 mentionem
767 2554 847 2636 puto
870 2551 1020 2638 idemque
1043 2554 1096 2621 de·

85 2635 191 2703 sidero
214 2637 247 2700 id
271 2637 356 2721 quod
374 2639 543 2723 proprium
562 2643 612 2705 est
630 2637 771 2706 Caecilii.
809 2640 864 2725 qui
882 2640 1096 2725 philosopho-

84 2747 156 2790 rum
179 2725 218 2790 de
241 2726 336 2790 rebus
357 2726 508 2793 humanis
527 2729 646 2794 iudicia
664 2728 853 2794 uerisimilia
871 2729 977 2813 magis
996 2752 1097 2814 quam

84 2835 162 2877 uere
185 2815 383 2881 existumans
408 2816 550 2882 studiose
572 2819 620 2882 ita
642 2817 787 2901 loquitur
805 2817 936 2901 utquid
955 2817 993 2881 de
1012 2818 1096 2903 phy·

85 2903 225 2968 sicorum
257 2903 387 2987 placitis
419 2908 543 2970 statuat
575 2906 671 2970 simul
701 2905 832 2992 indicet3
867 2906 906 2971 cf.
934 2907 998 2986 §7
1032 2907 1101 2973 sint

79 2990 238 3074 uinnpio
265 3028 308 3040 -
336 2993 401 3058 sini
425 2993 566 3073 fortuitis
592 2994 856 3060 concursionibus:
889 2993 1124 3063 concedentis·

86 3084 119 3143 et
147 3080 199 3145 his
229 3079 435 3165 opinionibus
462 3081 496 3144 in
524 3103 593 3146 rem
620 3103 714 3146 suam
741 3083 863 3148 utentis
887 3086 963 3147 sunt
986 3084 1097 3150 uerbo.

85 3168 170 3232 unde
198 3190 271 3234 eum
298 3169 400 3234 uerba
428 3169 463 3233 in
490 3169 644 3235 lemmate
672 3169 835 3255 adscripta
861 3193 921 3256 pro
949 3193 984 3235 re
1007 3175 1099 3239 certe

87 3259 183 3339 atque
207 3257 376 3341 explorata
393 3257 551 3343 posuisse,
572 3259 776 3343 inprobabile
796 3260 890 3344 duco;
913 3259 1013 3325 immo
1034 3260 1098 3327 sibi

87 3347 242 3409 constans
266 3345 324 3424 sic,
348 3347 383 3410 ni
405 3346 510 3430 fallor,
533 3346 614 3411 dixit
637 3346 891 3432 ‘elementorum
913 3353 950 3412 ut
972 3349 1098 3435 uolunt,

86 3432 180 3496 uaria
202 3434 366 3499 concretio
389 3433 460 3500 est’.
496 3435 651 3500 nimirum
674 3434 722 3500 ‘ut
743 3436 870 3501 uolunt'
893 3437 1021 3521 physici
1040 3435 1098 3522 (ci.

89 3541 114 3586 c
133 3520 185 3606 34,
204 3520 248 3606 6),
273 3519 385 3587 ‘uaria'
410 3523 452 3587 ob
477 3523 665 3589 animalium
688 3525 891 3591 uarietatem.
