2468 3996
191 155 236 220 40
549 133 849 207 umucrrru'nrcrs

191 297 298 384 magis
332 299 366 380 [a
396 295 629 376 sacerdotibus]
665 318 763 381 quam
795 295 879 360 inter
911 317 984 361 aras
1013 300 1046 360 et
1072 295 1213 366 delubra

192 386 407 453 condicuntur
427 390 548 469 stupra,
571 387 755 450 tractantur
772 384 943 467 lenocinia,
964 384 1125 451 adulteria
1143 409 1212 453 me·

192 474 361 541 ditantur?
392 474 593 559 frequentius
622 473 759 558 denique
787 473 822 537 in
850 471 1062 538 aedituorum
1081 475 1211 542 cellulis

193 586 291 650 quam
319 564 354 628 in
378 563 459 647 ipsis
482 562 694 646 lupanaribus
718 561 860 646 flagrem
883 561 984 627 libido
1008 562 1211 648 defungitur.

141 668 173 720 12
193 658 226 718 00
245 657 355 718 tamen
375 653 451 716 ante
471 672 525 717 eos
541 651 600 716 deo
616 651 822 735 dispensante
838 650 892 714 diu
911 672 1012 736 regna
1030 654 1211 719 tenuerunt

192 740 337 825 Assyrii,
360 739 461 824 Medi,
483 739 611 823 Persae,
635 739 749 805 Graeci
773 739 873 804 etiam
892 742 925 804 et
943 740 1110 825 Aegyptii,
1134 763 1211 808 cum

191 829 362 915 pontifices
390 832 423 893 et
450 830 575 894 aruales
604 832 638 892 et
665 828 763 892 salios
790 832 823 892 et
846 828 986 893 uestales
1011 832 1043 893 et
1066 850 1209 915 augures

191 940 258 983 000
281 917 440 983 haberent
462 939 521 982 nec
544 918 650 1000 pullos
675 937 774 981 cauea
796 916 948 1000 reclusos,
972 939 1109 1002 quorum
1133 920 1209 987 cibo

139 1005 245 1071 asael
267 1006 400 1072 fastidio
423 1027 475 1071 res
499 1005 628 1089 publica
655 1027 781 1070 summa
809 1008 983 1090 regeretur.
1028 1006 1095 1070 iam
1119 1008 1210 1074 enim

191 1096 288 1159 uenio
308 1095 349 1160 ad
367 1095 423 1159 illa
442 1094 587 1178 auspicia
602 1097 634 1158 et
651 1094 789 1180 auguria
802 1093 960 1177 Romana,
980 1116 1062 1179 quae
1078 1117 1209 1164 summo

191 1184 302 1250 labore
335 1184 470 1249 collecta
501 1186 641 1248 testatus
670 1205 704 1247 es
734 1185 767 1246 et
793 1183 995 1267 paenitenter
1023 1183 1145 1249 omissa
1175 1191 1210 1251 et

156 1272 367 1337 aobseruata
395 1272 539 1337 feliciter.
582 1270 714 1337 Clodius
747 1271 873 1336 scilicet
901 1274 934 1335 00
962 1270 1144 1337 Flaminius
1173 1279 1210 1341 et

191 1360 302 1424 Iunius
325 1359 397 1426 ideo
422 1360 579 1425 exercitus
602 1359 819 1443 perdiderunt,
843 1359 929 1445 quod
948 1361 1110 1444 pullorum
1130 1363 1209 1428 soli·

155 1466 172 1514 3
193 1449 325 1513 stimum
344 1448 520 1532 tripudium
539 1448 788 1532 exspectandum
807 1470 871 1512 non
891 1452 1098 1532 putauerunt.
1127 1453 1208 1536 quid

191 1536 359 1621 Regulus?
387 1559 494 1602 nonne
514 1536 650 1622 auguria
669 1537 813 1602 seruauit
831 1541 864 1602 et
883 1542 997 1622 captus
1017 1537 1088 1603 est?
1111 1537 1206 1605 Man-

192 1626 281 1691 cinus
309 1626 501 1710 religionem
529 1626 645 1691 tenuit:
673 1629 706 1691 et
729 1626 789 1691 sub
812 1626 925 1711 iugum
954 1627 1072 1691 missus
1101 1632 1209 1695 estet

192 1713 328 1780 deditus.
359 1715 467 1799 pullos
486 1714 599 1780 edaces
622 1714 738 1780 habuit
761 1717 793 1778 et
810 1713 944 1779 Paulus:
968 1715 1054 1799 apud
1074 1714 1208 1784 Cannas

191 1807 302 1867 tamen
334 1824 407 1867 cum
439 1802 561 1867 maiore
593 1802 705 1886 populi
731 1801 874 1868 Romani
900 1807 993 1887 parte
1020 1810 1207 1889 prostratus

154 1907 172 1955 4
192 1895 250 1955 est.
274 1889 374 1954 Gaius
390 1889 518 1974 Caesar,
536 1912 577 1956 00
597 1895 673 1956 0000
691 1891 841 1956 brumam
860 1891 893 1956 in
908 1889 1054 1957 Africam
1072 1895 1209 1981 nauigia

191 1979 429 2044 transmitteret
443 1979 587 2064 auguriis
603 1983 635 2044 et
649 1980 803 2064 auspiciis
821 1980 1047 2065 retinentibus,
1066 1984 1207 2067 spreuit:
1227 2014 1234 2038 ι

156 2083 230 2134 seo
254 2065 383 2132 facilius
407 2071 440 2132 00
462 2068 632 2152 nauigauit
654 2072 687 2132 et
709 2069 796 2133 uicit.
834 2091 915 2154 quae
934 2092 1010 2135 uero
1031 2075 1063 2134 et
1082 2076 1208 2156 quanta

191 2155 230 2221 de
250 2157 389 2221 oraculis
411 2156 609 2242 persequar?
636 2160 869 2241 postmortem
887 2156 1108 2242 Amphiaraus
1127 2183 1206 2226 uen-

190 2248 264 2309 tura
284 2245 460 2330 respondit,
480 2247 534 2331 qui
552 2246 715 2330 proditum
734 2246 775 2310 iri
794 2268 828 2311 se
848 2247 889 2312 ob
908 2247 1029 2312 monile
1049 2248 1090 2312 ab
1104 2271 1206 2315 uxore

190 2334 340 2400 nesciuit.
380 2333 521 2399 Tiresias
550 2337 692 2416 [caecus]
720 2335 830 2400 futura
859 2335 1001 2420 uidebat,
1030 2337 1085 2422 qui
1114 2360 1207 2420 prae-

156 2439 172 2489 0
192 2424 298 2487 000010
316 2444 383 2488 000
401 2422 541 2488 uidebat.
572 2422 610 2487 de
628 2422 758 2506 Pyrrho
776 2423 902 2489 Ennius
922 2423 1084 2510 Apollinis
1104 2425 1205 2511 Pythi
1226 2456 1234 2479 ι

190 2532 347 2594 00000000
372 2510 566 2595 confincxit,
597 2532 671 2576 cum
703 2512 769 2575 iam
800 2510 918 2595 Apollo
951 2535 1065 2578 uersus
1098 2514 1206 2581 facere

191 2598 343 2682 desisset,
367 2599 457 2663 cuius
476 2602 555 2664 tunc
574 2600 803 2664 cautum'illud
823 2605 856 2666 et
879 2601 1067 2685 ambiguum
1087 2602 1206 2670 defecit

191 2687 368 2770 oraculum,
393 2708 467 2752 eum
490 2691 522 2752 et
545 2688 715 2771 politiores
738 2688 886 2754 homines
906 2695 938 2756 et
956 2691 1063 2755 minus
1083 2691 1205 2758 creduli

191 2797 261 2840 esse
283 2779 464 2860 coeperunt.
498 2780 531 2841 et
549 2775 797 2862 Demosthenes,
820 2778 906 2863 quod
929 2779 1026 2844 sciret
1048 2801 1205 2864 responsa

263 3008 277 3054 1
298 3020 315 3058 a
329 3002 520 3058 sacerdotibus
534 3005 643 3059 seclusit
656 3003 800 3074 Sauppius
815 3008 819 3073 Ι
835 3004 955 3061 interrae
969 3013 989 3058 P
1004 3024 1037 3060 un.
1052 3012 1068 3060 1
1083 3009 1204 3077 112000-

190 3075 329 3129 ducuntur
347 3080 375 3143 P,
394 3090 462 3130 corr.
483 3073 599 3130 Ursinus
612 3077 651 3143 118
671 3075 733 3130 0100
755 3081 775 3126 P
793 3093 826 3129 ur.
847 3080 932 3146 11111
954 3094 982 3131 00
1000 3076 1142 3134 Gelenius:
1161 3084 1205 3135 est

189 3151 209 3196 P
226 3145 404 3217 100010001οτ
421 3147 464 3215 Pu
480 3150 511 3199 12
532 3145 664 3200 Claudius
680 3147 845 3218 Memsiusl
860 3154 901 3216 13,
918 3154 952 3202 14
970 3148 1203 3205 sollemnisimum

189 3221 218 3282 P,
237 3232 304 3271 eoru.
327 3215 456 3272 Gelenius
469 3217 478 3286 ll
494 3222 526 3270 15
546 3215 659 3286 arguria
676 3222 696 3268 P
710 3219 720 3285 ΙΙ
736 3222 768 3271 18
786 3218 885 3288 000011
903 3219 1023 3274 Romani
1037 3219 1069 3274 P.
1085 3221 1204 3278 Daniel:

189 3285 258 3355 reip.
273 3286 310 3357 ΡΗ
320 3292 355 3340 20
369 3287 555 3342 renitentibus
564 3293 592 3354 P,
608 3304 675 3343 corr.
696 3287 813 3343 Ursinus
828 3292 833 3358 Ι
849 3291 1068 3364 001001οΡ1120,
1084 3297 1115 3346 21
1134 3299 1205 3362 puto

190 3355 299 3426 spreuit
318 3371 363 3410 ea:
382 3357 517 3428 faciliusu
535 3363 569 3412 22
589 3374 743 3428 prosequar
760 3365 788 3422 P,
808 3363 914 3415 0000001
926 3362 936 3430 ΙΙ
953 3368 987 3416 23
1006 3361 1150 3432 proditum
1168 3364 1204 3418 iri

190 3444 220 3480 se
239 3444 272 3480 en
289 3426 428 3496 prodituis
445 3427 501 3482 risa
520 3444 588 3483 corr.
607 3429 698 3498 11124
718 3429 758 3484 ire
777 3431 832 3485 sias
846 3437 866 3483 P
882 3441 886 3495 l
904 3449 1001 3486 caecus
1020 3434 1128 3488 seclusit
1142 3434 1203 3491 Dn-

189 3499 294 3564 0101000·
312 3515 351 3552 un
369 3513 456 3566 aeque
471 3498 486 3551 ,9
501 3500 510 3567 ΙΙ
525 3504 558 3552 25
577 3500 681 3568 phyrro
700 3506 720 3551 P
736 3501 818 3570 10001
835 3508 862 3555 P.
