2468 3996
71 188 123 243 XII
377 185 547 242 EDITORIS
566 183 780 241 PRAEFATIO.

75 333 182 417 eapite
205 332 350 416 adorato,
372 331 411 396 de
434 332 529 396 cultis
553 331 730 396 sacerdotis
754 329 961 415 genitalibus,
985 331 1024 396 de
1043 332 1090 397 in·

72 422 172 486 fantis
196 423 353 506 sanguine
374 421 493 486 hausto
511 442 578 484 non
596 419 691 484 diluit
712 422 834 484 retecta
856 419 974 483 harum
996 420 1090 486 fahu-
1131 432 1135 438 ’

71 512 178 575 larum
206 511 345 596 origine,
376 510 439 575 hoc
468 511 554 573 enirn
587 509 655 573 sine
684 508 806 572 rituum
834 508 1091 575 christianorum

71 600 205 683 notitia,
237 621 319 683 quae
348 599 485 662 ethnicis
513 598 638 679 deerat,
669 597 739 661 fieri
772 619 838 661 non
865 597 965 662 licuit.
1007 621 1091 682 quae

72 711 145 753 eum
173 688 221 752 ita
248 710 283 752 sc
309 687 468 766 habeant,
500 689 647 770 praestat
674 687 815 770 ingenue
844 685 954 768 fateri,
982 685 1091 752 Minu-

74 777 160 841 cium
190 799 256 841 non
284 777 456 862 agnouisse
486 773 611 840 Christi
639 775 799 860 originem
827 773 984 840 diuinam.
1024 798 1090 860 quo

71 866 180 949 posito
208 868 246 930 ut
273 869 365 930 totus
393 865 447 929 hic
475 864 624 948 dialogus
652 863 769 927 melius
797 863 1015 948 intellegitur,
1043 867 1092 930 ita

74 954 203 1037 singula
221 955 379 1037 quaedam
399 952 503 1017 adhuc
522 953 659 1017 obscura
680 974 772 1015 suam
791 951 957 1035 accipiunt
976 952 1091 1020 lucem.

71 1041 173 1106 ueluti
196 1043 225 1107 si
247 1064 273 1107 c.
289 1043 378 1124 20,4
401 1045 478 1126 post
499 1042 618 1105 inrisas
638 1039 841 1104 ethnicorum
861 1041 900 1104 de
916 1039 1090 1106 Centauris

73 1129 248 1215 Scyllaque
277 1135 310 1195 et
338 1129 510 1196 Chimaera
536 1130 664 1194 fabulas
693 1131 806 1192 extant
834 1150 913 1210 quae
938 1131 968 1194 si
993 1137 1094 1197 esseut

69 1220 170 1302 sueta,
201 1221 323 1302 fierem
355 1221 431 1301 quia
461 1219 532 1303 iteri
558 1239 622 1283 noa
647 1223 791 1301 possum,
823 1219 890 1282 ideo
917 1238 972 1282 aee
1002 1219 1092 1299 foeta

73 1314 158 1392 sant,
186 1309 267 1373 haee
289 1310 390 1372 uerba
413 1309 448 1372 in
472 1312 584 1391 aperto
609 1312 659 1372 est
682 1328 780 1390 quam
807 1306 901 1371 facile
924 1308 1093 1389 potuerint

74 1419 93 1460 a
112 1397 291 1481 gentilibus
313 1397 419 1482 regeri
437 1402 472 1460 in
491 1395 697 1460 christianes.
724 1416 783 1459 nec
801 1398 912 1459 tamen
926 1416 964 1460 ea
978 1397 1093 1480 elapsa

74 1492 169 1568 putes
188 1483 332 1550 Minucio
356 1485 557 1568 inprudenti:
581 1483 670 1548 aliud
689 1487 739 1548 est
757 1482 944 1568 disputandi
962 1484 1091 1551 feruore

75 1574 245 1658 abreptum
269 1573 401 1639 incauta
424 1573 523 1658 loqui,
547 1573 636 1638 aliud
661 1572 856 1637 scribentem
878 1572 1030 1638 meditari
1053 1596 1092 1639 ea

74 1685 156 1746 quae
175 1685 195 1727 a
213 1663 463 1746 reprehensione
479 1664 565 1725 iusta
580 1663 646 1726 sint
660 1667 742 1727 tuta.
770 1664 843 1726 tuto
858 1664 967 1725 autem
981 1663 1094 1747 posuit

74 1751 175 1815 uerba
203 1751 260 1815 illa
282 1753 310 1816 is
335 1752 390 1835 qui
417 1752 451 1815 in
477 1751 563 1815 libro
592 1772 650 1814 suo
678 1750 892 1834 redarguendi
920 1752 1091 1816 materiam

74 1862 140 1904 non
163 1840 315 1922 praebuit
339 1840 467 1923 quique,
490 1860 563 1904 cum
583 1837 747 1903 Christum
765 1838 932 1903 hominem
949 1843 1094 1924 putaret,

74 1929 231 1993 miracula
255 1925 387 1992 Christo
412 1950 432 1992 a
454 1928 554 2012 uulgo
578 1928 738 1992 attributa
764 1928 835 2010 ipse
861 1931 918 1991 aut
946 1949 1013 1993 non
1037 1929 1092 1993 ad·

74 2017 230 2101 probauit
256 2020 313 2081 aut
339 2038 407 2080 non
435 2019 565 2101 cognita
596 2016 713 2081 habuit
739 2020 852 2099 utpote
879 2019 996 2101 postea
1023 2017 1092 2083 siue

74 2107 212 2170 inuenta
235 2106 304 2170 siue
327 2106 363 2169 in
386 2106 551 2171 occidente
574 2105 776 2189 peruulgata.

143 2193 197 2259 Sic
224 2194 325 2279 igitur
354 2199 475 2278 statuo,
503 2193 679 2258 Minucium
709 2215 775 2257 non
802 2195 977 2277 propterea
1005 2194 1093 2278 quod

75 2283 303 2367 philosophiae
324 2283 472 2347 ethnicae
494 2284 674 2347 innutritus
697 2283 731 2346 in
754 2282 923 2366 religionis
944 2280 1092 2347 christia·

75 2395 135 2437 nae
163 2394 281 2438 areana
308 2376 479 2456 penetrare
506 2372 668 2455 nequierit
696 2394 716 2435 a
739 2371 855 2435 ceteris
883 2373 953 2434 turn
982 2372 1092 2455 apolo-

76 2462 160 2546 getis
184 2461 365 2544 dissentire,
389 2461 444 2524 sed
464 2460 573 2542 potius
593 2482 631 2523 ea
650 2481 743 2524 usum
763 2460 889 2524 mentis
902 2459 970 2523 acie
990 2481 1093 2543 eaque

75 2549 186 2613 iudieii
214 2549 403 2630 sobrietate,
432 2569 496 2631 qua
518 2548 676 2630 optimum
703 2569 863 2632 quemque
889 2547 1093 2631 iurisperito-

74 2659 146 2702 rum
161 2635 381 2701 Romanorum
396 2636 585 2701 excelluisse
599 2637 756 2719 uidemus,
774 2638 981 2720 aliquatenus
1000 2658 1093 2720 prae-

75 2727 210 2790 cessisse
235 2725 417 2791 Straussios
440 2728 571 2789 nostros
594 2725 824 2809 Renanosque:
847 2725 979 2808 reliquit
998 2724 1093 2790 Felix

76 2818 183 2879 sectae
202 2815 377 2879 conditoris
395 2820 562 2898 tamquam
582 2815 634 2879 dei
658 2815 882 2879 adorationem
903 2813 1092 2879 hominibus

74 2902 226 2987 inperitis
245 2903 441 2987 rudibusque
461 2908 495 2967 et
512 2902 682 2987 inprouide
697 2903 835 2967 credulis
850 2901 892 2988 (c.
904 2903 958 2984 20,
972 2900 1093 2988 5-6);

76 3014 178 3076 eoque
201 2993 323 3057 maiore
346 2991 415 3055 iure
432 2992 517 3056 hano
537 2993 629 3077 uulgi
647 2992 867 3056 idololatriam
886 3012 906 3054 a
925 3012 960 3054 se
978 2993 1094 3074 procul

67 3078 191 3165 arcuit,
220 3103 284 3165 quo
308 3081 540 3146 accuratiorem
568 3081 756 3145 instituerat
781 3079 1028 3164 indagationem
1051 3079 1092 3145 de

75 3191 214 3253 persona
237 3167 375 3253 Christi,
403 3191 499 3254 quern
521 3169 662 3234 fortasse
686 3169 788 3233 coluit
809 3172 846 3232 ut
869 3169 976 3232 uirum
1000 3169 1093 3234 omni

76 3280 185 3322 amore
204 3259 338 3341 dignum
357 3259 412 3341 (ef.
431 3280 457 3323 e.
476 3258 528 3341 29,
547 3257 568 3323 5
591 3279 660 3322 cum
679 3264 708 3322 et
724 3258 886 3340 praeclaro
904 3257 975 3321 ciro
993 3256 1094 3321 honor

74 3348 181 3411 caius
198 3352 227 3410 et
244 3349 357 3427 optimo
374 3367 463 3411 amor
481 3347 602 3412 dalmas
617 3343 830 3433 praebeatur).
863 3346 909 3410 sic
927 3344 1093 3410 Minucius

77 3439 210 3500 eatenus
234 3442 283 3498 est
301 3433 507 3499 Christianus
525 3438 562 3499 ut
584 3436 703 3517 spretis
722 3436 816 3500 uanis
834 3433 1001 3520 figmentis
1020 3434 1093 3498 riti·

75 3526 199 3607 busque
231 3523 306 3588 inde
337 3523 492 3608 profectis
525 3523 744 3606 adsumpserit
771 3545 849 3587 uera
882 3526 978 3606 atque
1011 3545 1094 3587 sana
