2468 3996
72 192 111 247 IV
377 189 550 245 mumolus
569 189 784 247 PRAEFATIO.

74 337 189 401 nucius
217 334 392 400 Frontonis
421 333 540 420 Apulei
568 335 666 401 Gellii
697 337 898 421 temporibus
926 336 1092 403 interdum

74 425 211 509 accedit,
241 425 289 489 ita
316 424 456 488 maxime
484 446 545 489 usu
572 424 630 490 illo
659 424 694 488 in
725 424 848 489 deliciis
876 425 991 490 habito
1021 427 1090 491 eius

74 514 198 598 figurae
221 512 411 598 rhetoricae,
434 535 499 597 qua
517 512 582 577 tria
600 513 758 578 uocabula
777 514 962 597 asyndetice
983 536 1092 580 cumu-

72 603 191 667 lantur.
227 601 312 666 hanc
336 602 455 686 quippe
479 605 511 666 et
530 600 653 666 Fronto
673 602 801 684 saepius
821 602 955 667 adhibet
973 607 1005 668 et
1023 603 1092 668 Ha-

74 690 205 755 drianus
229 691 418 774 imperat0r3
452 689 491 754 ci.
515 688 549 755 O.
572 689 597 755 Ι.
620 689 656 755 L.
680 689 760 755 VIII
784 690 940 756 25321311
963 713 1019 757 uos
1044 694 1091 758 lo·

67 779 197 862 piditas
215 779 389 862 praedibus
408 779 561 862 protectas
582 778 807 864 imeqaalrbas,
830 800 905 863 quos
927 800 1022 862 rapae
1040 803 1091 846 ue-

72 869 142 932 bere
168 887 262 950 acqroe
289 868 425 933 attollere
452 888 547 949 aeque
576 867 675 932 locare
699 868 770 949 qrris
786 870 901 952 possit3
930 869 970 933 ad
993 891 1093 953 quem

73 957 181 1021 locum
201 955 232 1021 S.
252 955 384 1021 Dehner
401 953 575 1042 (Hadriani
594 956 750 1041 reliquiae
769 955 786 1020 Ι
808 980 839 1041 p.
858 955 916 1043 21)
941 958 1093 1043 exempla

74 1045 179 1109 multa
211 1045 308 1109 etiam
341 1066 380 1109 ex
408 1043 572 1109 Frontone
605 1044 788 1128 adscripsit.
838 1046 955 1111 horum
989 1047 1092 1131 igitur

74 1136 182 1198 aetate
206 1133 267 1197 etsi
288 1154 352 1197 non
373 1135 484 1217 potest
501 1154 568 1198 non
586 1134 707 1198 uixisse
726 1133 817 1198 Felix
834 1138 955 1218 noster,
978 1139 1093 1200 tamen

73 1223 115 1287 ab
148 1221 268 1296 eisdem
298 1225 351 1287 sat
366 1224 429 1286 <est
457 1221 602 1287 diuersus
631 1225 744 1307 utpote
773 1221 823 1304 (ut
851 1222 931 1286 mihi
959 1224 1091 1307 quidem

72 1306 216 1396 uidetur)
244 1331 311 1375 non
336 1311 371 1375 in
393 1310 562 1395 prouincia
586 1310 740 1396 quadam,
769 1311 824 1375 sed
847 1310 970 1376 Romae
993 1316 1091 1377 natus

73 1399 306 1482 educatusque:
325 1398 460 1462 Traiani
478 1398 545 1461 fere
563 1401 710 1482 tempore
729 1399 982 1464 adulescentiam
998 1422 1093 1465 suam

72 1487 108 1552 in
140 1488 220 1551 urbe
248 1490 284 1551 ut
311 1487 346 1551 in
374 1486 462 1552 omni
489 1487 649 1551 bonarum
678 1487 796 1551 artium
825 1487 948 1573 studio,
980 1489 1027 1553 ita
1055 1491 1092 1554 in

74 1576 197 1660 optimo
222 1597 349 1660 quoque
370 1574 466 1640 latini
485 1581 642 1640 sermonis
662 1579 792 1640 auctore
812 1577 1037 1661 cognoscendo
1058 1583 1092 1644 et

73 1664 223 1729 Tulliano
250 1664 380 1749 eloquio
403 1662 532 1748 penitus
556 1663 763 1749 percipiendo
787 1666 928 1750 peregit,
957 1667 1013 1751 sed
1038 1689 1091 1732 ex-

74 1754 161 1817 culto
191 1753 238 1817 sie
265 1753 397 1836 proprio
426 1751 553 1816 dicendi
584 1773 700 1838 genere
723 1775 800 1818 mox
824 1754 917 1818 annis
941 1755 1091 1822 uirilibus

72 1841 231 1907 nonnulla
254 1840 455 1906 extrinsecus
474 1840 592 1925 adlata,
615 1846 652 1906 ut
670 1840 738 1906 fere
756 1842 794 1906 fit
813 1842 847 1906 in
866 1842 928 1907 fori
948 1847 1088 1930 oratore,

73 1930 137 1995 sibi
161 1929 389 1994 adhaerescere
412 1951 528 2013 passus
552 1933 609 1995 est.
653 1930 712 1995 illa
736 1934 845 1995 autem
869 1953 942 1996 cum
962 1931 1089 2008 Quinti·

74 2018 162 2083 liano
185 2018 354 2102 Plinioque
382 2018 507 2082 iuniore
536 2021 569 2083 et
597 2019 757 2084 similibus
782 2020 965 2085 coniunctio
990 2025 1091 2106 atque

74 2107 211 2172 societas
239 2107 339 2172 etiam
367 2106 510 2171 cernitur
536 2106 573 2172 in
600 2107 741 2174 flosculis
771 2109 858 2174 haud
881 2109 993 2193 paucis
1017 2132 1091 2175 ora

73 2196 182 2280 tionis
206 2217 286 2281 quos
306 2194 468 2260 Minucius
493 2195 605 2261 debuit
627 2197 761 2262 lectioni
786 2219 898 2263 eorum
918 2202 1090 2283 poetarum

60 2285 259 2366 latinorum,
282 2306 419 2368 quorum
437 2284 513 2350 inde
532 2308 552 2350 a
569 2285 744 2354 Frontonis
763 2290 910 2372 tempore
929 2287 1036 2352 minor
1054 2289 1092 2352 in

72 2395 188 2458 prosae
203 2374 376 2458 scriptores
392 2373 569 2440 auctoritas
584 2397 655 2440 esse
669 2375 785 2461 coepit.
812 2398 888 2440 nam
902 2397 968 2441 non
982 2377 1091 2442 solum

73 2467 205 2547 poetam
224 2461 455 2547 philosophum
474 2461 662 2529 Lucretium
678 2464 769 2529 Felix
788 2468 936 2529 accurate
955 2464 1091 2551 legerat,

74 2550 131 2615 sed
160 2550 258 2615 etiam
286 2550 321 2614 in
349 2550 471 2615 deliciis
499 2551 617 2617 habuit
642 2575 715 2618 cum
738 2552 913 2617 Horatium
937 2551 1091 2619 Ouidium

73 2638 241 2704 Lucanum
260 2637 449 2704 quenalem
467 2674 512 2686 -
529 2663 607 2706 nam
631 2639 808 2726 aliorum*)
828 2640 969 2707 imitatio
989 2641 1090 2708 nimis

74 2728 200 2792 incerta
219 2730 270 2792 est
292 2764 342 2812 —,
359 2731 430 2792 tum
448 2749 526 2794 uero
544 2734 654 2796 uatem
672 2724 744 2795 κατ’
767 2725 885 2815 ἐξοχὴν
904 2731 1090 2798 Romanum

73 2904 157 2972 rupto
181 2903 261 2958 textu
283 2901 460 2958 uindicentur
484 2903 613 2973 scriptori
636 2921 708 2973 quae
728 2907 793 2959 sunt
811 2904 882 2960 uitia
900 2903 1089 2962 librariorum.

73 2989 140 3028 nem
157 2973 284 3028 lubidine
303 2973 372 3029 artis
391 2973 507 3030 criticae
524 2974 611 3030 frenis
631 2977 744 3030 carente
762 2976 891 3031 nonnulli
909 2977 984 3046 apud
998 2975 1091 3031 Minu-

74 3044 149 3099 cium
167 3044 285 3100 ferenda
303 3062 364 3100 esee
381 3061 473 3115 nuper
491 3046 629 3115 dixerunt,
648 3063 719 3116 quae
738 3045 768 3101 in
787 3045 892 3102 sacculi
905 3047 983 3102 tertii
998 3048 1091 3103 homi-

73 3116 156 3170 nibus
175 3116 374 3172 semibarbaris
394 3117 507 3171 demum
525 3119 642 3187 possunt
658 3118 784 3172 tolerari.

163 3187 190 3256 *)
214 3187 355 3243 eximendi
378 3187 464 3242 etiam
483 3205 517 3242 ex
535 3187 742 3244 commentariis
760 3187 890 3245 nonnulli
908 3205 1014 3244 errores
1033 3190 1091 3246 huc

73 3255 253 3326 pertinentes.
290 3259 380 3314 ueluti
401 3259 489 3314 uerba
511 3276 534 3313 c.
558 3265 583 3328 4,
603 3267 619 3315 6
643 3276 703 3315 cam
727 3261 852 3316 amicitia
878 3276 961 3329 pares
987 3277 1091 3331 semper

75 3333 126 3382 aut
145 3329 266 3398 accipiat
283 3335 334 3384 aar
351 3331 440 3397 faciat
457 3329 563 3400 priores
581 3330 750 3401 interpretes
769 3333 805 3387 ad
819 3329 973 3386 Publilium
988 3331 1091 3401 Syrum

76 3398 208 3454 referunt.
245 3400 333 3455 immo
350 3400 380 3454 in
399 3401 553 3456 sententias
572 3419 589 3458 a
606 3403 808 3458 recentioribus
827 3403 897 3472 Syro
915 3406 1020 3459 temere
1040 3404 1090 3458 ad-

75 3471 195 3595 sppliptas
214 3470 260 3597 (ctf.
276 3469 436 3527 Woelfflini
455 3471 542 3527 editio
556 3491 583 3544 p.
600 3476 662 3545 119)
677 3476 764 3530 uerba
776 3473 828 3529 illa
842 3489 876 3528 ex
889 3474 951 3544 ipso
965 3475 1089 3530 Minucio

75 3560 86 3596 1
128 3558 254 3597 unsrun.

544 3761 575 3787 N
