2468 3996
141 186 182 250 16
496 184 639 241 MlNUcn
656 184 795 240 FELICIS

118 333 264 414 darem,
301 332 428 414 eulpam
465 333 576 395 temen
612 332 665 394 uel
701 331 919 395 innocentiam
950 334 1018 394 fato
1050 330 1155 395 tribui

139 421 290 486 assentior
318 419 487 484 sententiis
515 419 738 502 plurimorum.
779 420 812 481 et
840 419 920 483 haec
943 424 1055 484 uestra
1078 441 1155 484 con·

105 526 121 575 6
141 508 247 574 sensio
271 512 334 591 est3
355 530 433 573 nam
456 507 607 592 quicquid
631 512 767 591 agimus,
789 510 826 571 ut
849 508 906 572 alii
927 508 1005 590 fato,
1028 509 1076 572 ita
1094 530 1155 573 uos

140 599 200 662 deo
228 597 334 661 dicitis
494 596 540 660 sie
569 600 676 662 sectae
703 599 831 661 nestrae
858 617 927 660 uon
956 600 1154 680 spontaneos

107 703 273 770 Floupere‚
302 684 358 749 sed
385 686 516 751 eleetos.
556 685 657 769 igitur
683 685 830 768 iniquum
858 684 997 750 iudicem
1019 685 1155 767 fingitis
1184 700 1197 740 ⁵

141 775 197 858 qui
233 777 355 838 sortem
393 773 428 837 in
459 773 648 838 hominibus
681 774 808 856 puniat,
844 796 910 838 non
941 774 1155 839 uoluntatem.

140 863 256 926 uellem
284 865 396 926 tamen
425 862 596 944 sciscitari,
624 864 773 926 utrumne
801 883 874 926 cum
898 863 1088 946 corporibus
1112 883 1157 926 an

139 952 206 1017 sine
228 951 412 1034 corporebus,
436 954 469 1015 et
492 949 680 1034 corporibus
704 950 831 1034 quibus,
853 949 975 1034 ipsisne
999 973 1040 1016 an
1062 951 1155 1015 inno-

141 1040 235 1122 uatis,
258 1040 467 1124 resurgatur?
491 1039 560 1102 sine
584 1038 740 1123 corpore?
762 1039 834 1122 hoc,
857 1039 945 1124 quod
967 1040 1078 1124 sciam,
1099 1061 1155 1103 ne·

142 1150 204 1212 que
233 1149 324 1192 mens
351 1149 457 1211 neque
485 1128 594 1192 anima
620 1148 680 1191 nec
707 1126 776 1191 uita
802 1131 861 1198 est
901 1128 973 1211 ipso
997 1128 1156 1211 corpore?
1170 1144 1199 1182 10

142 1217 198 1281 sed
221 1217 286 1281 iam
310 1220 384 1280 ante
408 1217 570 1301 dilapsum
594 1219 653 1282 est.
689 1217 753 1280 alio
778 1221 932 1299 corpore?
957 1236 1035 1300 ergo
1054 1216 1153 1280 homo

105 1322 245 1371 snouus
278 1305 436 1388 nascitur,
468 1327 534 1369 non
566 1305 656 1388 prior
683 1305 739 1368 ille
766 1308 942 1387 reparatur.
985 1308 1018 1368 et
1044 1309 1156 1369 tamen

141 1397 234 1458 tenta
265 1397 354 1458 aetus
387 1393 481 1476 abiit,
513 1394 642 1457 saecule
672 1393 842 1457 innumera
873 1393 1050 1458 fluxerunt:
1082 1394 1170 1477 quis·

141 1504 225 1546 unus
257 1481 342 1546 ullus
374 1482 416 1545 ub
448 1480 559 1545 inferis
591 1482 645 1545 uel
672 1481 844 1546 Protesilai
872 1486 959 1546 sorte
989 1482 1156 1565 remeauit,

140 1571 296 1636 horarum
315 1570 432 1635 saltem
450 1570 609 1654 permisso
629 1574 812 1635 commeatu
825 1570 934 1653 trium,
952 1574 990 1634 ut
1009 1571 1154 1653 exemplo
1171 1587 1198 1627 1⁵

106 1677 122 1728 9
142 1658 369 1725 crederemus?
389 1659 498 1724 omnia
516 1659 581 1722 ists
599 1659 758 1743 figmenta
776 1660 861 1722 male
879 1681 976 1724 sanae
993 1659 1155 1743 opinionis

142 1753 174 1812 et
206 1750 318 1831 inepta
351 1748 472 1813 solacia
499 1769 518 1811 a
546 1748 651 1831 poetis
683 1747 856 1812 fallacibus
888 1748 922 1812 in
953 1747 1155 1812 dnlcedinem

143 1837 295 1901 carminis
337 1836 408 1899 lusa
445 1858 464 1899 a
500 1835 593 1899 uobis
635 1835 774 1899 nimium
815 1835 952 1901 credulis
990 1837 1024 1900 in
1060 1836 1156 1901 deum

92 1923 289 1991 ltuestrum
311 1921 451 2006 turpiter
473 1922 648 1987 reformata
672 1927 756 1989 sunt.
792 1946 852 1989 nec
872 1925 988 1989 saltem
1008 1924 1046 1989 de
1066 1947 1155 2009 prae·

143 2013 288 2078 sentibus
316 2012 431 2096 cepitis
456 2011 723 2097 experimentum,
750 2034 848 2096 quam
870 2036 929 2078 uos
952 2013 1069 2078 inritae
1093 2014 1155 2078 sol·
1171 2031 1199 2070 20

143 2101 332 2167 licitationis
365 2123 458 2166 cassa
489 2105 568 2167 uota
600 2100 776 2184 decipiant:
809 2101 886 2185 quid
913 2105 990 2186 post
1017 2106 1155 2167 mortem

107 2209 123 2258 n
142 2189 327 2274 inpendent,
349 2190 469 2273 miseri,
492 2195 567 2254 dum
590 2189 694 2255 adhuc
717 2190 840 2274 uiuitis,
864 2191 1044 2255 aestimate.
1083 2212 1155 2255 ecce

142 2302 217 2364 pars
236 2283 389 2364 uestrum,
411 2279 515 2344 maior
533 2284 566 2344 et
584 2279 707 2360 melior,
730 2281 768 2344 ut
786 2279 903 2363 dicitis,
927 2279 1029 2364 egetis
1050 2301 1155 2362 opere,

143 2368 277 2453 algetis,
308 2368 393 2433 fame
421 2369 592 2453 laboratis3
626 2372 659 2433 et
687 2368 764 2432 deus
791 2367 930 2450 patitur,
962 2367 1155 2452 dissimulet,

142 2480 208 2523 non
230 2457 302 2523 uult
325 2460 471 2523 autnon
493 2460 603 2541 potest
626 2456 781 2539 opitulari
804 2457 883 2522 suis:
912 2457 959 2521 ita
983 2460 1040 2521 eut
1063 2456 1154 2520 inua·
1170 2473 1198 2514 25

108 2545 227 2613 elidus
256 2549 313 2610 aut
339 2545 470 2629 iniquus
499 2549 557 2609 est.
593 2547 644 2628 tu,
672 2545 728 2628 qui
750 2545 1021 2610 inmortalitatem
1044 2548 1158 2628 postu·

143 2656 230 2698 mom
258 2632 414 2717 somnias,
442 2655 515 2697 cum
543 2654 695 2718 quercern
723 2634 882 2718 quateris,
911 2656 985 2698 cum
1011 2633 1156 2699 febribus

215 2831 231 2880 2
256 2825 394 2880 assentior
416 2825 515 2880 addidi
535 2825 613 2894 (noui
630 2831 694 2895 post
712 2826 895 2895 plurimorum
919 2825 1074 2891 Vahlenu8;
1097 2840 1158 2879 sen-

144 2896 234 2951 tentia
252 2896 291 2966 pl.
311 2895 436 2965 Ursinus,
450 2912 536 2965 porro
555 2895 642 2952 etiam
660 2897 754 2952 uestra
770 2895 909 2967 Gelenius)
924 2899 964 2966 114
980 2901 1043 2964 post
1062 2895 1157 2950 dicitis

148 2968 283 3024 Usenerus
301 2968 417 3023 lacunae
434 2968 515 3035 siqua
530 2969 625 3035 posuit
638 2968 647 3036 11
663 2972 715 3036 7,8
736 2984 771 3021 an
790 2967 851 3022 sine
870 2966 1032 3036 corporibus
1047 2967 1160 3021 addidit

144 3040 277 3095 Halmius
295 3040 401 3108 (utrum
418 3053 505 3092 necne
525 3055 548 3094 e.
568 3056 590 3093 c.
610 3037 791 3105 Dombartus)
809 3039 819 3106 1
839 3044 872 3093 15
891 3038 977 3092 trium
996 3041 1028 3092 ut
1045 3039 1158 3106 scripsi:

144 3111 229 3166 uelud
243 3117 263 3164 P
276 3110 324 3165 uel
342 3112 374 3164 ut
387 3109 471 3179 culpo
486 3125 576 3176 praue
591 3111 635 3178 (ut
649 3109 708 3164 eius
721 3109 860 3175 Kochius;
878 3109 963 3164 trium
978 3112 1044 3178 post
1057 3107 1159 3162 saltem

146 3183 214 3236 addi
227 3183 318 3237 uoluit
328 3180 476 3250 Denisius)
491 3182 500 3250 11
516 3185 547 3233 17
563 3179 711 3235 dulcedine
720 3185 748 3247 P,
767 3195 836 3236 corr.
851 3179 1033 3250 Wopkensius
1045 3182 1054 3249 11
1070 3184 1103 3234 18
1118 3178 1159 3232 ni·

145 3251 247 3306 mirum
261 3259 290 3320 P,
304 3268 373 3307 corr.
384 3252 512 3308 Gelenius
526 3253 535 3320 11
550 3257 583 3305 19
599 3250 711 3306 salitem
726 3255 789 3305 ante
802 3267 930 3308 rasiuarn
943 3256 963 3303 P
976 3251 985 3318 11
1000 3256 1043 3318 20,
1054 3255 1087 3303 21
1104 3249 1159 3303 sol·

146 3321 311 3377 licitationis
326 3325 426 3393 scripsi
440 3324 537 3392 (supra
547 3339 576 3392 p.
589 3321 691 3389 XXV):
707 3320 899 3390 pollieationis
913 3327 932 3374 P
945 3320 1159 3390 pollicitationis

147 3393 230 3462 unico
244 3395 253 3463 11
267 3397 301 3447 23
316 3393 407 3448 maior
421 3398 450 3450 et
464 3392 564 3448 melior
581 3392 730 3447 Votienus:
751 3395 780 3446 et
793 3393 883 3448 maior
897 3393 998 3448 melior
1011 3398 1031 3443 P
1047 3394 1051 3460 1
1068 3391 1158 3462 egetis

146 3464 249 3534 algetis
263 3479 346 3532 opere
360 3464 435 3519 fame
449 3470 477 3531 Ρ,
492 3465 589 3519 traieci
602 3464 611 3532 11
625 3470 668 3530 26,
683 3469 717 3518 27
731 3480 799 3519 num
812 3466 877 3534 post
892 3464 965 3533 (pos)
978 3464 1105 3518 tumbam
1120 3461 1135 3516 2
1150 3462 1160 3535 11

146 3541 181 3591 27
201 3550 356 3604 querquera
374 3535 408 3590 L.
430 3533 541 3590 Carrio:
559 3534 685 3605 periculo
704 3541 731 3587 Ρ.
