2468 3996
74 192 114 248 VI
378 189 556 246 EDITORIS.
570 187 783 245 PRAEFATIO.

75 340 131 425 qui
158 339 260 403 uerba
288 337 396 402 adlata
423 335 581 422 loquitur,
607 335 805 400 Frontonem
831 335 995 419 appellare
1020 333 1090 402 Cir·

75 435 187 494 teuscm
214 431 354 492 nostrum
382 430 493 510 utpote
517 429 780 507 conterraneum,
809 425 864 488 sed
887 445 954 489 non
978 424 1091 490 debuit

74 516 117 582 H.
138 517 265 582 Dessau
289 512 444 602 (Hermae
470 516 532 579 uol.
556 513 619 579 XV
641 536 672 597 p.
694 514 759 578 471
776 510 860 599 sqq.)
885 513 925 577 ad
951 513 1090 598 inscrip-

74 607 181 671 tiones
204 605 378 670 nonnullas
398 603 571 689 Cirtenses,
594 602 629 666 in
650 602 767 687 quibus
786 603 918 667 Marcus
936 601 1092 669 Caecilius

75 695 185 776 (lutati
204 695 229 775 f.
248 694 378 759 Natalis
399 693 485 757 intra
509 713 610 757 annos
634 692 699 756 211
724 695 757 756 et
780 692 844 756 217
866 689 974 756 Cirtae
998 713 1091 776 prae-

73 782 178 849 fectus
216 781 465 866 quinquennalis
498 785 594 867 atque
627 780 829 845 ethnicorum
863 782 1092 865 superstitioni

73 873 246 936 inhaerens
266 874 547 955 commemoratur,
565 871 613 934 ita
630 890 807 954 prouocare
827 873 863 933 ut
881 869 965 935 hunc
980 871 1090 955 ipsum

74 959 251 1025 Caecilium
279 963 410 1046 putaret
437 981 508 1025 esse
536 959 641 1024 nostri
665 958 785 1044 dialogi
812 959 1006 1042 participem
1034 957 1090 1044 (de

73 1048 203 1115 Natalis
231 1049 362 1114 nomine
391 1047 429 1113 ol.
459 1070 484 1114 c.
514 1048 564 1129 16,
591 1044 636 1130 l),
664 1048 720 1131 qui
748 1047 783 1110 in
811 1047 872 1111 fine
901 1045 1090 1114 Caracallus

73 1138 201 1223 imperii
234 1137 286 1202 uel
317 1141 434 1222 postea
464 1137 608 1203 imbutus
641 1140 728 1200 esset
761 1136 861 1200 sacris
890 1136 1089 1202 christianis.

73 1249 150 1293 nam
178 1228 241 1292 etsi
268 1227 351 1291 raris
379 1230 490 1291 tamen
512 1224 706 1290 indubitatis
729 1225 926 1289 testimoniis
950 1230 1090 1311 constat,

74 1317 173 1380 etiam
200 1320 271 1381 tum
293 1315 450 1400 temporis
473 1318 599 1400 patrem
624 1317 656 1378 et
679 1314 783 1378 filium
806 1317 886 1378 natu
910 1313 1091 1379 maximum

74 1405 195 1469 eisdem
217 1426 294 1470 usos
318 1425 389 1468 esse
411 1403 608 1469 nominibus.
651 1403 697 1468 sic
720 1404 755 1467 in
777 1402 986 1487 inscriptione
1010 1425 1089 1488 qua·

74 1493 147 1558 dam
172 1491 302 1580 (Bullct.
321 1491 406 1577 Nap.
433 1493 516 1557 1847
540 1516 571 1577 p.
590 1493 645 1574 973
670 1491 710 1556 cf.
733 1490 962 1575 Marquardtus
987 1493 1090 1580 antiq.

72 1605 152 1647 rom.
177 1580 241 1648 VII
271 1583 288 1646 1
318 1605 349 1666 p.
376 1580 419 1647 23
452 1584 518 1646 not.
547 1578 583 1668 3)
612 1579 655 1645 M.
680 1578 829 1646 Cosinius
858 1579 987 1645 Priscus
1020 1587 1089 1648 tres

72 1671 173 1737 habet
205 1671 304 1755 filios,
337 1693 473 1754 quorum
506 1670 611 1754 primo
644 1670 740 1753 plane
772 1669 857 1733 idem
893 1691 966 1733 cum
994 1678 1089 1753 patre

72 1781 192 1824 nomen
219 1763 282 1843 est3
309 1781 413 1842 neque
442 1763 511 1822 tam
538 1759 683 1843 perfecta
709 1761 759 1823 est
781 1761 896 1823 nostra
920 1758 958 1822 de
981 1762 1088 1824 nomi-

72 1871 151 1913 num
183 1870 241 1932 per
274 1870 390 1912 aeuum
422 1847 666 1931 imperatorium
696 1870 757 1912 usu
788 1847 882 1911 ualde
909 1848 1090 1916 fluctuante

73 1941 106 2002 et
134 1938 169 2001 in
197 1936 331 2002 diuersis
360 1935 447 2001 orbis
471 1936 609 2001 Romani
635 1936 783 2020 partibus
807 1936 933 2020 etipse
957 1936 1088 2004 diuerso

74 2025 221 2111 scientia,
254 2025 330 2090 hino
362 2027 400 2089 ut
432 2025 511 2090 certi
545 2025 666 2110 aliquid
693 2026 858 2108 possimus
888 2026 1089 2094 concludere.

28 2109 31 2115 ’
72 2114 155 2178 nihil
170 2135 247 2200 ergo
263 2115 376 2179 obstat
389 2114 560 2198 quominus
572 2113 726 2190 Quintum
737 2112 913 2179 Caecilium
923 2113 1088 2201 Natalem,

73 2204 163 2268 cuius
186 2203 289 2268 filium
308 2202 454 2268 Marcum
477 2202 518 2266 ad
542 2202 732 2267 memoriam
755 2206 901 2267 nostram
924 2226 1088 2289 propaga-

72 2295 149 2358 runt
171 2292 411 2377 inscriptiones,
436 2291 674 2357 adulescentem
693 2291 816 2356 Romae
840 2291 903 2356 fori
926 2315 1019 2356 usum
1041 2294 1087 2358 di-

73 2385 219 2447 scentem
238 2379 293 2470 (cf.
308 2404 333 2447 e,
348 2382 411 2464 3,1
432 2382 516 2446 domi
531 2381 668 2462 forasque
686 2382 776 2446 lateri
796 2386 846 2446 luo
865 2380 1087 2467 labuermtem)

73 2492 146 2535 cum
161 2470 297 2535 Octauio
312 2469 423 2534 Ostiae
444 2469 661 2552 disputauisse
677 2473 873 2554 statuamus,
891 2492 967 2533 nam
983 2470 1089 2537 filium

73 2580 141 2623 non
169 2559 298 2623 stetisse
326 2580 346 2621 a
375 2557 465 2622 cultu
493 2557 656 2643 sacrisque
682 2559 797 2642 patris,
827 2559 855 2622 si
879 2559 1008 2642 quidem
1031 2560 1088 2626 hio

73 2647 178 2712 iactus
198 2650 248 2712 est
266 2645 472 2731 christianus,
494 2668 553 2711 nec
572 2647 679 2732 ipsum
699 2651 787 2712 caret
806 2648 969 2730 exemplis.
1007 2649 1088 2732 quid

73 2734 159 2820 quod
183 2734 337 2811 Quintum
364 2739 490 2819 patrem
517 2757 583 2800 non
612 2735 828 2820 spernendum
857 2736 976 2800 codicis
999 2738 1089 2804 unici

73 2823 249 2908 uestigium
278 2825 371 2907 quasi
399 2824 501 2908 digito
529 2825 655 2889 intento
685 2826 868 2890 monstrat?
913 2825 969 2888 ubi
999 2827 1089 2891 enim

73 2911 232 2978 Caecilius
254 2913 394 2996 primum
418 2913 616 2998 nominatur,
639 2914 673 2977 in
697 2936 722 2979 c.
748 2916 776 2998 1,
800 2914 821 2978 5
844 2914 951 2978 uerbis
974 2916 1009 2978 in
1031 2917 1089 2981 illo

66 3003 233 3086 morabar
254 3022 390 3067 samone
414 3054 420 3068 .
440 3055 446 3068 .
467 3052 474 3067 .
497 3023 556 3084 quo
580 2999 748 3068 Caecilium
773 3025 838 3086 eqs,
861 3003 1017 3067 miramur
1040 3004 1088 3068 ui·

72 3114 150 3155 uum
178 3091 276 3156 etiam
303 3094 381 3156 tunc
405 3089 582 3156 Caecilium
610 3095 678 3155 tam
705 3091 893 3177 simpliciter
916 3092 1088 3177 introduci,

73 3181 173 3245 codex
196 3184 306 3246 autem
325 3178 490 3244 Parisinus
513 3181 595 3261 qaod
616 3181 774 3245 casalium
797 3180 953 3245 exhibens
973 3182 1088 3266 genui-

73 3290 149 3332 nam
171 3269 342 3334 lectionem
366 3290 425 3351 qao
450 3268 484 3349 Q.
509 3267 676 3335 Caecilium
699 3270 785 3334 ultro
809 3269 1004 3352 suppeditat.

140 3356 228 3422 Iacto
253 3357 299 3422 sio
321 3359 415 3423 firmo
440 3358 650 3422 fundamento
670 3362 892 3443 superstruere
910 3379 1087 3442 possumus

74 3447 306 3511 accuratiorem
325 3446 363 3509 de
382 3451 536 3530 tempore,
560 3469 623 3530 quo
642 3445 796 3513 Octauius
816 3447 966 3532 dialogus
986 3448 1087 3533 scrip-

72 3538 125 3598 tus
150 3536 207 3619 sit,
234 3535 528 3620 inuestigationem.
568 3536 706 3621 legimus
730 3557 755 3600 c.
781 3538 809 3618 l,
831 3536 854 3600 4
877 3535 912 3599 in
936 3534 1088 3603 Parisino
