<?xml version="1.0" encoding="UTF-8"?>
<!DOCTYPE html PUBLIC "-//W3C//DTD XHTML 1.0 Transitional//EN"
    "http://www.w3.org/TR/xhtml1/DTD/xhtml1-transitional.dtd">
<html xmlns="http://www.w3.org/1999/xhtml" xml:lang="en" lang="en">
 <head>
  <title>
</title>
<meta http-equiv="Content-Type" content="text/html;charset=utf-8" />
  <meta name='ocr-system' content='tesseract 3.04.00' />
  <meta name='ocr-capabilities' content='ocr_page ocr_carea ocr_par ocr_line ocrx_word'/>
</head>
<body>
  <div class='ocr_page' id='page_1' title='image "./mminuciifelicis01baehgoog_0083.png"; bbox 0 0 2468 3996; ppageno 0'>
   <div class='ocr_carea' id='block_1_1' title="bbox 122 180 777 247">
    <p class='ocr_par' dir='ltr' id='par_1_1' title="bbox 122 180 777 247">
     <span class='ocr_line' id='line_1_1' title="bbox 122 180 777 247; baseline 0.005 -13"><span class='ocrx_word' id='word_1_1' title='bbox 122 184 165 247; x_wconf 79' lang='grc'>42</span> <span class='ocrx_word' id='word_1_2' title='bbox 477 181 621 239; x_wconf 80' lang='lat' dir='ltr'>uruucu</span> <span class='ocrx_word' id='word_1_3' title='bbox 639 180 777 239; x_wconf 85' lang='lat' dir='ltr'><strong>FELICIS</strong></span> 
     </span>
    </p>
   </div>
   <div class='ocr_carea' id='block_1_2' title="bbox 71 328 1180 2010">
    <p class='ocr_par' dir='ltr' id='par_1_2' title="bbox 121 328 1180 1033">
     <span class='ocr_line' id='line_1_2' title="bbox 121 328 1146 414; baseline 0.002 -20"><span class='ocrx_word' id='word_1_4' title='bbox 121 351 230 395; x_wconf 88' lang='lat' dir='ltr'>nonne</span> <span class='ocrx_word' id='word_1_5' title='bbox 259 332 292 393; x_wconf 89' lang='lat' dir='ltr'>et</span> <span class='ocrx_word' id='word_1_6' title='bbox 320 328 452 414; x_wconf 81' lang='lat' dir='ltr'>angelos</span> <span class='ocrx_word' id='word_1_7' title='bbox 481 328 551 393; x_wconf 88' lang='lat' dir='ltr'>sinc</span> <span class='ocrx_word' id='word_1_8' title='bbox 578 329 707 410; x_wconf 88' lang='lat' dir='ltr'>negotio</span> <span class='ocrx_word' id='word_1_9' title='bbox 736 331 848 393; x_wconf 87' lang='lat' dir='ltr'>narrat</span> <span class='ocrx_word' id='word_1_10' title='bbox 876 330 908 392; x_wconf 89' lang='lat' dir='ltr'>et</span> <span class='ocrx_word' id='word_1_11' title='bbox 937 328 1146 396; x_wconf 84' lang='lat' dir='ltr'>daemonas?</span> 
     </span>
     <span class='ocr_line' id='line_1_3' title="bbox 122 416 1146 504; baseline 0.003 -22"><span class='ocrx_word' id='word_1_12' title='bbox 122 423 155 482; x_wconf 99' lang='grc' dir='ltr'><strong>εὴ</strong></span> <span class='ocrx_word' id='word_1_13' title='bbox 181 419 216 482; x_wconf 93' lang='lat' dir='ltr'>in</span> <span class='ocrx_word' id='word_1_14' title='bbox 240 416 410 502; x_wconf 84' lang='lat' dir='ltr'>Symposio</span> <span class='ocrx_word' id='word_1_15' title='bbox 434 437 491 482; x_wconf 92' lang='lat' dir='ltr'>suo</span> <span class='ocrx_word' id='word_1_16' title='bbox 516 416 615 481; x_wconf 91' lang='lat' dir='ltr'>etiam</span> <span class='ocrx_word' id='word_1_17' title='bbox 643 419 791 482; x_wconf 89' lang='lat' dir='ltr'>naturam</span> <span class='ocrx_word' id='word_1_18' title='bbox 815 417 1007 482; x_wconf 89' lang='lat' dir='ltr'>daemonum</span> <span class='ocrx_word' id='word_1_19' title='bbox 1033 421 1146 504; x_wconf 88' lang='lat' dir='ltr'>expri-</span> 
     </span>
     <span class='ocr_line' id='line_1_4' title="bbox 123 505 1144 573; baseline 0.002 -2"><span class='ocrx_word' id='word_1_20' title='bbox 123 528 209 572; x_wconf 84' lang='lat' dir='ltr'>mere</span> <span class='ocrx_word' id='word_1_21' title='bbox 228 505 405 571; x_wconf 78' lang='lat' dir='ltr'>conititur?</span> <span class='ocrx_word' id='word_1_22' title='bbox 428 506 499 570; x_wconf 87' lang='lat' dir='ltr'>uult</span> <span class='ocrx_word' id='word_1_23' title='bbox 517 505 602 570; x_wconf 89' lang='lat' dir='ltr'>enim</span> <span class='ocrx_word' id='word_1_24' title='bbox 621 526 691 570; x_wconf 87' lang='lat' dir='ltr'>esse</span> <span class='ocrx_word' id='word_1_25' title='bbox 710 506 926 570; x_wconf 75' lang='lat' dir='ltr'><strong>substantiam</strong></span> <span class='ocrx_word' id='word_1_26' title='bbox 946 507 1034 570; x_wconf 91' lang='lat' dir='ltr'>inter</span> <span class='ocrx_word' id='word_1_27' title='bbox 1052 529 1144 573; x_wconf 90' lang='lat' dir='ltr'>mor-</span> 
     </span>
     <span class='ocr_line' id='line_1_5' title="bbox 121 594 1144 678; baseline 0.004 -19"><span class='ocrx_word' id='word_1_28' title='bbox 121 598 221 660; x_wconf 88' lang='lat' dir='ltr'>talem</span> <span class='ocrx_word' id='word_1_29' title='bbox 243 594 522 678; x_wconf 89' lang='lat' dir='ltr'>inmortalemque,</span> <span class='ocrx_word' id='word_1_30' title='bbox 550 594 584 658; x_wconf 93' lang='lat' dir='ltr'>id</span> <span class='ocrx_word' id='word_1_31' title='bbox 607 598 657 659; x_wconf 88' lang='lat' dir='ltr'>est</span> <span class='ocrx_word' id='word_1_32' title='bbox 679 595 764 658; x_wconf 88' lang='lat' dir='ltr'>inter</span> <span class='ocrx_word' id='word_1_33' title='bbox 787 616 902 678; x_wconf 91' lang='lat' dir='ltr'>corpus</span> <span class='ocrx_word' id='word_1_34' title='bbox 927 598 960 658; x_wconf 87' lang='lat' dir='ltr'>et</span> <span class='ocrx_word' id='word_1_35' title='bbox 982 596 1144 678; x_wconf 89' lang='lat' dir='ltr'>spiritum</span> 
     </span>
     <span class='ocr_line' id='line_1_6' title="bbox 121 682 1180 767; baseline -0.003 -19"><span class='ocrx_word' id='word_1_36' title='bbox 121 684 273 767; x_wconf 89' lang='lat' dir='ltr'>mediam,</span> <span class='ocrx_word' id='word_1_37' title='bbox 306 683 426 747; x_wconf 86' lang='lat' dir='ltr'>terreni</span> <span class='ocrx_word' id='word_1_38' title='bbox 458 683 610 767; x_wconf 88' lang='lat' dir='ltr'>ponderis</span> <span class='ocrx_word' id='word_1_39' title='bbox 643 687 675 747; x_wconf 92' lang='lat' dir='ltr'>et</span> <span class='ocrx_word' id='word_1_40' title='bbox 707 682 857 747; x_wconf 89' lang='lat' dir='ltr'>caelestis</span> <span class='ocrx_word' id='word_1_41' title='bbox 896 684 1042 748; x_wconf 89' lang='lat' dir='ltr'>leuitatis</span> <span class='ocrx_word' id='word_1_42' title='bbox 1081 687 1142 750; x_wconf 88' lang='lat' dir='ltr'>ad·</span> <span class='ocrx_word' id='word_1_43' title='bbox 1168 703 1180 745; x_wconf 81' lang='lat' dir='ltr'>s</span> 
     </span>
     <span class='ocr_line' id='line_1_7' title="bbox 121 770 1142 858; baseline 0.004 -23"><span class='ocrx_word' id='word_1_44' title='bbox 121 773 278 836; x_wconf 74' lang='lat' dir='ltr'>mixtione</span> <span class='ocrx_word' id='word_1_45' title='bbox 302 776 500 854; x_wconf 88' lang='lat' dir='ltr'>concretam,</span> <span class='ocrx_word' id='word_1_46' title='bbox 525 793 563 836; x_wconf 87' lang='lat' dir='ltr'>ex</span> <span class='ocrx_word' id='word_1_47' title='bbox 587 793 650 855; x_wconf 89' lang='lat' dir='ltr'>qua</span> <span class='ocrx_word' id='word_1_48' title='bbox 671 770 807 837; x_wconf 80' lang='lat' dir='ltr'>Erotem</span> <span class='ocrx_word' id='word_1_49' title='bbox 831 772 930 836; x_wconf 88' lang='lat' dir='ltr'>etiam</span> <span class='ocrx_word' id='word_1_50' title='bbox 954 770 1052 853; x_wconf 81' lang='lat' dir='ltr'>[Eros</span> <span class='ocrx_word' id='word_1_51' title='bbox 1076 796 1142 858; x_wconf 92' lang='lat' dir='ltr'>pro</span> 
     </span>
     <span class='ocr_line' id='line_1_8' title="bbox 122 859 1141 945; baseline 0.004 -20"><span class='ocrx_word' id='word_1_52' title='bbox 122 861 269 945; x_wconf 90' lang='lat' dir='ltr'>cupidine</span> <span class='ocrx_word' id='word_1_53' title='bbox 292 861 427 942; x_wconf 89' lang='lat' dir='ltr'>amoris]</span> <span class='ocrx_word' id='word_1_54' title='bbox 452 860 529 925; x_wconf 88' lang='lat' dir='ltr'>dicit</span> <span class='ocrx_word' id='word_1_55' title='bbox 552 863 584 924; x_wconf 88' lang='lat' dir='ltr'>et</span> <span class='ocrx_word' id='word_1_56' title='bbox 607 859 740 924; x_wconf 88' lang='lat' dir='ltr'>formari</span> <span class='ocrx_word' id='word_1_57' title='bbox 764 865 797 924; x_wconf 89' lang='lat' dir='ltr'>et</span> <span class='ocrx_word' id='word_1_58' title='bbox 821 860 924 925; x_wconf 86' lang='lat' dir='ltr'>inlabi</span> <span class='ocrx_word' id='word_1_59' title='bbox 947 861 1141 944; x_wconf 82' lang='lat' dir='ltr'>pectoribus</span> 
     </span>
     <span class='ocr_line' id='line_1_9' title="bbox 121 948 1141 1033; baseline 0.003 -20"><span class='ocrx_word' id='word_1_60' title='bbox 121 948 271 1014; x_wconf 88' lang='lat' dir='ltr'>humanis</span> <span class='ocrx_word' id='word_1_61' title='bbox 304 953 337 1013; x_wconf 92' lang='lat' dir='ltr'>et</span> <span class='ocrx_word' id='word_1_62' title='bbox 369 970 498 1013; x_wconf 89' lang='lat' dir='ltr'>sensum</span> <span class='ocrx_word' id='word_1_63' title='bbox 536 969 667 1012; x_wconf 88' lang='lat' dir='ltr'>mouere</span> <span class='ocrx_word' id='word_1_64' title='bbox 700 952 732 1013; x_wconf 86' lang='lat' dir='ltr'>et</span> <span class='ocrx_word' id='word_1_65' title='bbox 765 948 910 1014; x_wconf 88' lang='lat' dir='ltr'>adfectus</span> <span class='ocrx_word' id='word_1_66' title='bbox 946 950 1069 1033; x_wconf 88' lang='lat' dir='ltr'>fingere</span> <span class='ocrx_word' id='word_1_67' title='bbox 1105 955 1141 1016; x_wconf 91' lang='lat' dir='ltr'>et</span> 
     </span>
    </p>

    <p class='ocr_par' dir='ltr' id='par_1_3' title="bbox 71 1035 1180 1742">
     <span class='ocr_line' id='line_1_10' title="bbox 71 1035 1141 1123; baseline 0.002 -22"><span class='ocrx_word' id='word_1_68' title='bbox 71 1035 270 1103; x_wconf 78' lang='lat' dir='ltr'>27ardorem</span> <span class='ocrx_word' id='word_1_69' title='bbox 293 1038 480 1121; x_wconf 83' lang='lat' dir='ltr'>cupiditatis</span> <span class='ocrx_word' id='word_1_70' title='bbox 503 1037 681 1102; x_wconf 88' lang='lat' dir='ltr'>infundere.</span> <span class='ocrx_word' id='word_1_71' title='bbox 713 1038 768 1102; x_wconf 84' lang='lat' dir='ltr'>isti</span> <span class='ocrx_word' id='word_1_72' title='bbox 786 1037 888 1123; x_wconf 84' lang='lat' dir='ltr'>igitur</span> <span class='ocrx_word' id='word_1_73' title='bbox 905 1038 1024 1120; x_wconf 91' lang='lat' dir='ltr'>impuri</span> <span class='ocrx_word' id='word_1_74' title='bbox 1044 1039 1141 1122; x_wconf 90' lang='lat' dir='ltr'>spiri·</span> 
     </span>
     <span class='ocr_line' id='line_1_11' title="bbox 121 1125 1180 1210; baseline -0.006 -18"><span class='ocrx_word' id='word_1_75' title='bbox 121 1131 175 1192; x_wconf 91' lang='lat' dir='ltr'>tus</span> <span class='ocrx_word' id='word_1_76' title='bbox 199 1127 413 1208; x_wconf 88' lang='lat' dir='ltr'>[daemones]‚</span> <span class='ocrx_word' id='word_1_77' title='bbox 436 1130 473 1191; x_wconf 87' lang='lat' dir='ltr'>ut</span> <span class='ocrx_word' id='word_1_78' title='bbox 497 1130 662 1191; x_wconf 89' lang='lat' dir='ltr'>ostensum</span> <span class='ocrx_word' id='word_1_79' title='bbox 686 1127 790 1210; x_wconf 89' lang='lat' dir='ltr'>magis</span> <span class='ocrx_word' id='word_1_80' title='bbox 811 1130 843 1191; x_wconf 89' lang='lat' dir='ltr'>et</span> <span class='ocrx_word' id='word_1_81' title='bbox 860 1125 1067 1210; x_wconf 91' lang='lat' dir='ltr'>philosophis</span> <span class='ocrx_word' id='word_1_82' title='bbox 1090 1129 1140 1208; x_wconf 93' lang='grc' dir='ltr'>[εὴ</span> <span class='ocrx_word' id='word_1_83' title='bbox 1154 1148 1180 1187; x_wconf 90' lang='lat'>10</span> 
     </span>
     <span class='ocr_line' id='line_1_12' title="bbox 122 1215 1140 1300; baseline 0.001 -20"><span class='ocrx_word' id='word_1_84' title='bbox 122 1216 328 1298; x_wconf 87' lang='lat' dir='ltr'>aPlatonc],</span> <span class='ocrx_word' id='word_1_85' title='bbox 358 1217 416 1279; x_wconf 91' lang='lat' dir='ltr'>sub</span> <span class='ocrx_word' id='word_1_86' title='bbox 442 1216 561 1280; x_wconf 83' lang='lat' dir='ltr'>statuis</span> <span class='ocrx_word' id='word_1_87' title='bbox 585 1219 618 1279; x_wconf 89' lang='lat' dir='ltr'>et</span> <span class='ocrx_word' id='word_1_88' title='bbox 640 1215 838 1300; x_wconf 82' lang='lat' dir='ltr'>imaginibus</span> <span class='ocrx_word' id='word_1_89' title='bbox 862 1216 1059 1280; x_wconf 88' lang='lat' dir='ltr'>consecratis</span> <span class='ocrx_word' id='word_1_90' title='bbox 1084 1217 1140 1281; x_wconf 90' lang='lat' dir='ltr'>de-</span> 
     </span>
     <span class='ocr_line' id='line_1_13' title="bbox 121 1303 1137 1388; baseline 0.003 -20"><span class='ocrx_word' id='word_1_91' title='bbox 121 1305 270 1369; x_wconf 86' lang='lat' dir='ltr'>litiscunt</span> <span class='ocrx_word' id='word_1_92' title='bbox 293 1308 326 1368; x_wconf 88' lang='lat' dir='ltr'>et</span> <span class='ocrx_word' id='word_1_93' title='bbox 355 1303 475 1369; x_wconf 88' lang='lat' dir='ltr'>adflatu</span> <span class='ocrx_word' id='word_1_94' title='bbox 500 1326 558 1369; x_wconf 92' lang='lat' dir='ltr'>suo</span> <span class='ocrx_word' id='word_1_95' title='bbox 582 1305 809 1368; x_wconf 86' lang='lat' dir='ltr'>auctoritatem</span> <span class='ocrx_word' id='word_1_96' title='bbox 834 1303 928 1387; x_wconf 89' lang='lat' dir='ltr'>quasi</span> <span class='ocrx_word' id='word_1_97' title='bbox 950 1306 1137 1388; x_wconf 89' lang='lat' dir='ltr'>praesentis</span> 
     </span>
     <span class='ocr_line' id='line_1_14' title="bbox 122 1392 1138 1478; baseline 0.002 -22"><span class='ocrx_word' id='word_1_98' title='bbox 122 1393 263 1457; x_wconf 90' lang='lat' dir='ltr'>numinis</span> <span class='ocrx_word' id='word_1_99' title='bbox 283 1397 532 1476; x_wconf 86' lang='lat' dir='ltr'>consequuntur,</span> <span class='ocrx_word' id='word_1_100' title='bbox 551 1392 627 1456; x_wconf 91' lang='lat' dir='ltr'>dum</span> <span class='ocrx_word' id='word_1_101' title='bbox 645 1392 831 1457; x_wconf 88' lang='lat' dir='ltr'>inseruntur</span> <span class='ocrx_word' id='word_1_102' title='bbox 848 1392 976 1456; x_wconf 88' lang='lat' dir='ltr'>interim</span> <span class='ocrx_word' id='word_1_103' title='bbox 992 1393 1138 1478; x_wconf 89' lang='lat' dir='ltr'>uatibus,</span> 
     </span>
     <span class='ocr_line' id='line_1_15' title="bbox 122 1480 1136 1566; baseline 0.001 -20"><span class='ocrx_word' id='word_1_104' title='bbox 122 1503 194 1546; x_wconf 92' lang='lat' dir='ltr'>cum</span> <span class='ocrx_word' id='word_1_105' title='bbox 226 1480 311 1545; x_wconf 85' lang='lat' dir='ltr'>fanis</span> <span class='ocrx_word' id='word_1_106' title='bbox 348 1481 565 1565; x_wconf 81' lang='lat' dir='ltr'>inmorentur,</span> <span class='ocrx_word' id='word_1_107' title='bbox 600 1482 678 1546; x_wconf 93' lang='lat' dir='ltr'>dum</span> <span class='ocrx_word' id='word_1_108' title='bbox 709 1502 952 1566; x_wconf 89' lang='lat' dir='ltr'>nonnumquam</span> <span class='ocrx_word' id='word_1_109' title='bbox 985 1484 1136 1547; x_wconf 86' lang='lat' dir='ltr'>extorum</span> 
     </span>
     <span class='ocr_line' id='line_1_16' title="bbox 121 1570 1176 1656; baseline -0.003 -23"><span class='ocrx_word' id='word_1_110' title='bbox 121 1570 220 1636; x_wconf 90' lang='lat' dir='ltr'>fibras</span> <span class='ocrx_word' id='word_1_111' title='bbox 236 1571 391 1655; x_wconf 85' lang='lat' dir='ltr'>animant,</span> <span class='ocrx_word' id='word_1_112' title='bbox 409 1571 519 1635; x_wconf 90' lang='lat' dir='ltr'>auium</span> <span class='ocrx_word' id='word_1_113' title='bbox 532 1571 660 1636; x_wconf 87' lang='lat' dir='ltr'>uolatus</span> <span class='ocrx_word' id='word_1_114' title='bbox 676 1570 869 1656; x_wconf 86' lang='lat' dir='ltr'>gubernant,</span> <span class='ocrx_word' id='word_1_115' title='bbox 888 1573 990 1634; x_wconf 90' lang='lat' dir='ltr'>sortes</span> <span class='ocrx_word' id='word_1_116' title='bbox 1005 1575 1136 1656; x_wconf 84' lang='lat' dir='ltr'>regunt,</span> <span class='ocrx_word' id='word_1_117' title='bbox 1151 1590 1176 1631; x_wconf 79' lang='lat' dir='ltr'>rs</span> 
     </span>
     <span class='ocr_line' id='line_1_17' title="bbox 122 1659 1137 1742; baseline 0.002 -18"><span class='ocrx_word' id='word_1_118' title='bbox 122 1659 253 1725; x_wconf 86' lang='lat' dir='ltr'>oracula</span> <span class='ocrx_word' id='word_1_119' title='bbox 276 1659 422 1724; x_wconf 89' lang='lat' dir='ltr'>efficiunt</span> <span class='ocrx_word' id='word_1_120' title='bbox 439 1659 533 1724; x_wconf 87' lang='lat' dir='ltr'>falsis</span> <span class='ocrx_word' id='word_1_121' title='bbox 552 1659 699 1742; x_wconf 90' lang='lat' dir='ltr'>pluribus</span> <span class='ocrx_word' id='word_1_122' title='bbox 716 1659 909 1724; x_wconf 83' lang='lat' dir='ltr'>inuolueutes</span> <span class='ocrx_word' id='word_1_123' title='bbox 921 1679 1028 1740; x_wconf 83' lang='lat' dir='ltr'>pauca</span> <span class='ocrx_word' id='word_1_124' title='bbox 1046 1681 1137 1726; x_wconf 88' lang='lat' dir='ltr'>uera.</span> 
     </span>
    </p>

    <p class='ocr_par' dir='ltr' id='par_1_4' title="bbox 87 1747 1138 2010">
     <span class='ocr_line' id='line_1_18' title="bbox 87 1747 1136 1830; baseline 0.006 -22"><span class='ocrx_word' id='word_1_125' title='bbox 87 1761 102 1808; x_wconf 84' lang='lat'>2</span> <span class='ocrx_word' id='word_1_126' title='bbox 121 1769 196 1811; x_wconf 89' lang='lat' dir='ltr'>nam</span> <span class='ocrx_word' id='word_1_127' title='bbox 220 1751 253 1812; x_wconf 87' lang='lat' dir='ltr'>et</span> <span class='ocrx_word' id='word_1_128' title='bbox 274 1747 432 1812; x_wconf 83' lang='lat' dir='ltr'>falluntur</span> <span class='ocrx_word' id='word_1_129' title='bbox 455 1752 488 1812; x_wconf 91' lang='lat' dir='ltr'>et</span> <span class='ocrx_word' id='word_1_130' title='bbox 509 1748 635 1830; x_wconf 87' lang='lat' dir='ltr'>fallunt,</span> <span class='ocrx_word' id='word_1_131' title='bbox 659 1751 747 1812; x_wconf 91' lang='lat' dir='ltr'>utet</span> <span class='ocrx_word' id='word_1_132' title='bbox 768 1748 951 1812; x_wconf 84' lang='lat' dir='ltr'>nescientes</span> <span class='ocrx_word' id='word_1_133' title='bbox 975 1748 1136 1814; x_wconf 88' lang='lat' dir='ltr'>sinceram</span> 
     </span>
     <span class='ocr_line' id='line_1_19' title="bbox 122 1835 1138 1920; baseline 0.004 -21"><span class='ocrx_word' id='word_1_134' title='bbox 122 1837 294 1900; x_wconf 88' lang='lat' dir='ltr'>ueritatem</span> <span class='ocrx_word' id='word_1_135' title='bbox 323 1839 368 1918; x_wconf 86' lang='lat' dir='ltr'>et,</span> <span class='ocrx_word' id='word_1_136' title='bbox 400 1858 496 1920; x_wconf 88' lang='lat' dir='ltr'>quam</span> <span class='ocrx_word' id='word_1_137' title='bbox 530 1835 650 1920; x_wconf 91' lang='lat' dir='ltr'>sciunt,</span> <span class='ocrx_word' id='word_1_138' title='bbox 682 1837 716 1900; x_wconf 92' lang='lat' dir='ltr'>in</span> <span class='ocrx_word' id='word_1_139' title='bbox 744 1836 959 1920; x_wconf 90' lang='lat' dir='ltr'>perditionem</span> <span class='ocrx_word' id='word_1_140' title='bbox 989 1837 1039 1901; x_wconf 88' lang='lat' dir='ltr'>sui</span> <span class='ocrx_word' id='word_1_141' title='bbox 1068 1859 1138 1904; x_wconf 91' lang='lat' dir='ltr'>non</span> 
     </span>
     <span class='ocr_line' id='line_1_20' title="bbox 122 1924 1136 2010; baseline 0.004 -23"><span class='ocrx_word' id='word_1_142' title='bbox 122 1925 322 1990; x_wconf 81' lang='lat' dir='ltr'>confitentes</span> <span class='ocrx_word' id='word_1_143' title='bbox 350 1924 396 1988; x_wconf 89' lang='lat' dir='ltr'>sic</span> <span class='ocrx_word' id='word_1_144' title='bbox 416 1947 435 1988; x_wconf 91' lang='lat' dir='ltr'>a</span> <span class='ocrx_word' id='word_1_145' title='bbox 454 1925 542 1988; x_wconf 89' lang='lat' dir='ltr'>caelo</span> <span class='ocrx_word' id='word_1_146' title='bbox 563 1924 713 1989; x_wconf 88' lang='lat' dir='ltr'>deorsum</span> <span class='ocrx_word' id='word_1_147' title='bbox 732 1929 871 2010; x_wconf 84' lang='lat' dir='ltr'>grauant</span> <span class='ocrx_word' id='word_1_148' title='bbox 890 1928 922 1989; x_wconf 90' lang='lat' dir='ltr'>et</span> <span class='ocrx_word' id='word_1_149' title='bbox 941 1925 1037 1990; x_wconf 93' lang='lat' dir='ltr'>adeo</span> <span class='ocrx_word' id='word_1_150' title='bbox 1056 1948 1136 1991; x_wconf 93' lang='lat' dir='ltr'>uero</span> 
     </span>
    </p>
   </div>
   <div class='ocr_carea' id='block_1_3' title="bbox 121 2011 1178 2368">
    <p class='ocr_par' dir='ltr' id='par_1_5' title="bbox 121 2011 1178 2368">
     <span class='ocr_line' id='line_1_21' title="bbox 123 2011 1178 2100; baseline 0.001 -25"><span class='ocrx_word' id='word_1_151' title='bbox 123 2011 163 2076; x_wconf 89' lang='lat' dir='ltr'>ad</span> <span class='ocrx_word' id='word_1_152' title='bbox 180 2012 331 2077; x_wconf 88' lang='lat' dir='ltr'>materias</span> <span class='ocrx_word' id='word_1_153' title='bbox 347 2016 495 2096; x_wconf 86' lang='lat' dir='ltr'>auocant,</span> <span class='ocrx_word' id='word_1_154' title='bbox 514 2013 616 2077; x_wconf 89' lang='lat' dir='ltr'>uitam</span> <span class='ocrx_word' id='word_1_155' title='bbox 631 2013 775 2098; x_wconf 87' lang='lat' dir='ltr'>turbant,</span> <span class='ocrx_word' id='word_1_156' title='bbox 794 2035 925 2079; x_wconf 91' lang='lat' dir='ltr'>somnos</span> <span class='ocrx_word' id='word_1_157' title='bbox 940 2013 1136 2100; x_wconf 82' lang='lat' dir='ltr'>inquietant,</span> <span class='ocrx_word' id='word_1_158' title='bbox 1151 2036 1178 2076; x_wconf 80' lang='lat' dir='ltr'>so</span> 
     </span>
     <span class='ocr_line' id='line_1_22' title="bbox 121 2101 1136 2187; baseline 0.005 -23"><span class='ocrx_word' id='word_1_159' title='bbox 121 2102 307 2186; x_wconf 89' lang='lat' dir='ltr'>inrepentes</span> <span class='ocrx_word' id='word_1_160' title='bbox 332 2103 429 2167; x_wconf 88' lang='lat' dir='ltr'>etiarn</span> <span class='ocrx_word' id='word_1_161' title='bbox 453 2101 643 2187; x_wconf 87' lang='lat' dir='ltr'>corporibus</span> <span class='ocrx_word' id='word_1_162' title='bbox 664 2104 787 2168; x_wconf 88' lang='lat' dir='ltr'>occulte</span> <span class='ocrx_word' id='word_1_163' title='bbox 806 2107 843 2167; x_wconf 89' lang='lat' dir='ltr'>ut</span> <span class='ocrx_word' id='word_1_164' title='bbox 865 2102 999 2186; x_wconf 91' lang='lat' dir='ltr'>spiritus</span> <span class='ocrx_word' id='word_1_165' title='bbox 1020 2106 1136 2170; x_wconf 89' lang='lat' dir='ltr'>tenues</span> 
     </span>
     <span class='ocr_line' id='line_1_23' title="bbox 121 2190 1136 2277; baseline 0.003 -23"><span class='ocrx_word' id='word_1_166' title='bbox 121 2193 252 2256; x_wconf 90' lang='lat' dir='ltr'>morbos</span> <span class='ocrx_word' id='word_1_167' title='bbox 276 2191 417 2275; x_wconf 89' lang='lat' dir='ltr'>fingunt,</span> <span class='ocrx_word' id='word_1_168' title='bbox 440 2194 566 2256; x_wconf 89' lang='lat' dir='ltr'>terrent</span> <span class='ocrx_word' id='word_1_169' title='bbox 588 2195 727 2275; x_wconf 90' lang='lat' dir='ltr'>mentes,</span> <span class='ocrx_word' id='word_1_170' title='bbox 751 2192 898 2257; x_wconf 88' lang='lat' dir='ltr'>membra</span> <span class='ocrx_word' id='word_1_171' title='bbox 922 2190 1136 2277; x_wconf 85' lang='lat' dir='ltr'>distorquent,</span> 
     </span>
     <span class='ocr_line' id='line_1_24' title="bbox 122 2279 1136 2368; baseline 0.005 -25"><span class='ocrx_word' id='word_1_172' title='bbox 122 2283 158 2344; x_wconf 90' lang='lat' dir='ltr'>ut</span> <span class='ocrx_word' id='word_1_173' title='bbox 181 2280 221 2345; x_wconf 90' lang='lat' dir='ltr'>ad</span> <span class='ocrx_word' id='word_1_174' title='bbox 244 2279 367 2345; x_wconf 85' lang='lat' dir='ltr'>cultum</span> <span class='ocrx_word' id='word_1_175' title='bbox 392 2281 443 2345; x_wconf 91' lang='lat' dir='ltr'>sui</span> <span class='ocrx_word' id='word_1_176' title='bbox 462 2285 591 2366; x_wconf 85' lang='lat' dir='ltr'>cogant,</span> <span class='ocrx_word' id='word_1_177' title='bbox 613 2285 650 2346; x_wconf 92' lang='lat' dir='ltr'>ut</span> <span class='ocrx_word' id='word_1_178' title='bbox 669 2281 781 2346; x_wconf 88' lang='lat' dir='ltr'>nidore</span> <span class='ocrx_word' id='word_1_179' title='bbox 800 2280 952 2345; x_wconf 88' lang='lat' dir='ltr'>altarium</span> <span class='ocrx_word' id='word_1_180' title='bbox 971 2281 1022 2345; x_wconf 92' lang='lat' dir='ltr'>uel</span> <span class='ocrx_word' id='word_1_181' title='bbox 1043 2281 1136 2368; x_wconf 89' lang='lat' dir='ltr'>rogis</span> 
     </span>
    </p>
   </div>
   <div class='ocr_carea' id='block_1_4' title="bbox 88 2471 1138 3612">
    <p class='ocr_par' dir='ltr' id='par_1_6' title="bbox 88 2471 1138 3612">
     <span class='ocr_line' id='line_1_25' title="bbox 88 2471 1138 2543; baseline 0.007 -20"><span class='ocrx_word' id='word_1_182' title='bbox 88 2487 91 2492; x_wconf 93' lang='lat'>·</span> <span class='ocrx_word' id='word_1_183' title='bbox 193 2479 208 2524; x_wconf 81' lang='lat'><strong>2</strong></span> <span class='ocrx_word' id='word_1_184' title='bbox 226 2490 277 2527; x_wconf 90' lang='lat' dir='ltr'>suo</span> <span class='ocrx_word' id='word_1_185' title='bbox 291 2473 377 2526; x_wconf 88' lang='lat' dir='ltr'>ctiam</span> <span class='ocrx_word' id='word_1_186' title='bbox 391 2474 504 2542; x_wconf 84' lang='lat' dir='ltr'>scripsi.-</span> <span class='ocrx_word' id='word_1_187' title='bbox 523 2472 608 2527; x_wconf 88' lang='lat' dir='ltr'>etiam</span> <span class='ocrx_word' id='word_1_188' title='bbox 623 2489 672 2527; x_wconf 91' lang='lat' dir='ltr'>suo</span> <span class='ocrx_word' id='word_1_189' title='bbox 686 2479 706 2524; x_wconf 87' lang='lat' dir='ltr'>P</span> <span class='ocrx_word' id='word_1_190' title='bbox 720 2475 729 2543; x_wconf 81' lang='grc' dir='ltr'>ΙΙ</span> <span class='ocrx_word' id='word_1_191' title='bbox 743 2477 759 2527; x_wconf 81' lang='grc'>5</span> <span class='ocrx_word' id='word_1_192' title='bbox 773 2471 917 2528; x_wconf 85' lang='lat' dir='ltr'>laeuitatis</span> <span class='ocrx_word' id='word_1_193' title='bbox 931 2479 951 2525; x_wconf 97' lang='lat' dir='ltr'>P</span> <span class='ocrx_word' id='word_1_194' title='bbox 965 2476 974 2542; x_wconf 78' lang='grc' dir='ltr'>ΙΙ</span> <span class='ocrx_word' id='word_1_195' title='bbox 988 2479 1003 2528; x_wconf 87' lang='grc'>6</span> <span class='ocrx_word' id='word_1_196' title='bbox 1018 2472 1138 2530; x_wconf 80' lang='lat' dir='ltr'>Erotem</span> 
     </span>
     <span class='ocr_line' id='line_1_26' title="bbox 120 2542 1137 2614; baseline 0.006 -18"><span class='ocrx_word' id='word_1_197' title='bbox 120 2544 232 2611; x_wconf 84' lang='lat' dir='ltr'>scripsi.-</span> <span class='ocrx_word' id='word_1_198' title='bbox 250 2545 378 2598; x_wconf 86' lang='lat' dir='ltr'>monetP</span> <span class='ocrx_word' id='word_1_199' title='bbox 397 2545 492 2597; x_wconf 89' lang='lat' dir='ltr'>manet</span> <span class='ocrx_word' id='word_1_200' title='bbox 510 2560 534 2598; x_wconf 91' lang='lat' dir='ltr'>e.</span> <span class='ocrx_word' id='word_1_201' title='bbox 552 2542 582 2596; x_wconf 92' lang='lat' dir='ltr'>in</span> <span class='ocrx_word' id='word_1_202' title='bbox 604 2560 655 2598; x_wconf 91' lang='lat' dir='ltr'>nos</span> <span class='ocrx_word' id='word_1_203' title='bbox 673 2560 757 2612; x_wconf 88' lang='lat' dir='ltr'>porro</span> <span class='ocrx_word' id='word_1_204' title='bbox 771 2542 873 2614; x_wconf 88' lang='lat' dir='ltr'>cupido</span> <span class='ocrx_word' id='word_1_205' title='bbox 888 2545 1029 2599; x_wconf 85' lang='lat' dir='ltr'>Meursius</span> <span class='ocrx_word' id='word_1_206' title='bbox 1044 2547 1050 2614; x_wconf 82' lang='grc' dir='ltr'>Ι</span> <span class='ocrx_word' id='word_1_207' title='bbox 1064 2545 1137 2602; x_wconf 87' lang='lat' dir='ltr'>Eros</span> 
     </span>
     <span class='ocr_line' id='line_1_27' title="bbox 120 2613 1136 2684; baseline 0.004 -17"><span class='ocrx_word' id='word_1_208' title='bbox 120 2613 303 2667; x_wconf 83' lang='lat' dir='ltr'>Dombcrtus:</span> <span class='ocrx_word' id='word_1_209' title='bbox 317 2630 368 2668; x_wconf 91' lang='lat' dir='ltr'>nos</span> <span class='ocrx_word' id='word_1_210' title='bbox 386 2620 406 2665; x_wconf 94' lang='lat' dir='ltr'>P</span> <span class='ocrx_word' id='word_1_211' title='bbox 419 2615 428 2682; x_wconf 78' lang='grc' dir='ltr'>ΙΙ</span> <span class='ocrx_word' id='word_1_212' title='bbox 450 2621 473 2680; x_wconf 85' lang='lat'>6,</span> <span class='ocrx_word' id='word_1_213' title='bbox 490 2620 505 2668; x_wconf 81' lang='grc'><strong>7</strong></span> <span class='ocrx_word' id='word_1_214' title='bbox 519 2613 731 2684; x_wconf 88' lang='lat' dir='ltr'>procupidinem</span> <span class='ocrx_word' id='word_1_215' title='bbox 745 2620 773 2683; x_wconf 84' lang='lat' dir='ltr'>P,</span> <span class='ocrx_word' id='word_1_216' title='bbox 788 2632 855 2669; x_wconf 88' lang='lat' dir='ltr'>corr.</span> <span class='ocrx_word' id='word_1_217' title='bbox 872 2615 1030 2684; x_wconf 81' lang='lat' dir='ltr'>Scuppius,·</span> <span class='ocrx_word' id='word_1_218' title='bbox 1048 2621 1136 2672; x_wconf 81' lang='lat' dir='ltr'>totum</span> 
     </span>
     <span class='ocr_line' id='line_1_28' title="bbox 120 2684 1136 2755; baseline 0.002 -16"><span class='ocrx_word' id='word_1_219' title='bbox 120 2686 198 2739; x_wconf 86' lang='lat' dir='ltr'>colcu</span> <span class='ocrx_word' id='word_1_220' title='bbox 211 2684 361 2739; x_wconf 85' lang='lat' dir='ltr'>Dombarto</span> <span class='ocrx_word' id='word_1_221' title='bbox 379 2689 404 2739; x_wconf 84' lang='lat' dir='ltr'>et</span> <span class='ocrx_word' id='word_1_222' title='bbox 418 2685 544 2754; x_wconf 82' lang='lat' dir='ltr'>Scuppio</span> <span class='ocrx_word' id='word_1_223' title='bbox 558 2687 756 2754; x_wconf 75' lang='lat' dir='ltr'>praeeuntibus</span> <span class='ocrx_word' id='word_1_224' title='bbox 773 2688 871 2741; x_wconf 88' lang='lat' dir='ltr'>seclusi</span> <span class='ocrx_word' id='word_1_225' title='bbox 883 2688 893 2755; x_wconf 82' lang='grc' dir='ltr'>ΙΙ</span> <span class='ocrx_word' id='word_1_226' title='bbox 908 2693 923 2741; x_wconf 82' lang='grc'><strong>7</strong></span> <span class='ocrx_word' id='word_1_227' title='bbox 940 2685 1009 2741; x_wconf 89' lang='lat' dir='ltr'>dicit</span> <span class='ocrx_word' id='word_1_228' title='bbox 1030 2688 1059 2741; x_wconf 85' lang='lat' dir='ltr'>et</span> <span class='ocrx_word' id='word_1_229' title='bbox 1077 2687 1136 2744; x_wconf 84' lang='lat' dir='ltr'>for·</span> 
     </span>
     <span class='ocr_line' id='line_1_29' title="bbox 120 2755 1135 2825; baseline 0.005 -16"><span class='ocrx_word' id='word_1_230' title='bbox 120 2755 193 2811; x_wconf 90' lang='lat' dir='ltr'>mari</span> <span class='ocrx_word' id='word_1_231' title='bbox 216 2759 245 2809; x_wconf 88' lang='lat' dir='ltr'>et</span> <span class='ocrx_word' id='word_1_232' title='bbox 267 2755 357 2810; x_wconf 86' lang='lat' dir='ltr'>inlabi</span> <span class='ocrx_word' id='word_1_233' title='bbox 380 2757 493 2825; x_wconf 79' lang='lat' dir='ltr'>scripsi:</span> <span class='ocrx_word' id='word_1_234' title='bbox 516 2760 546 2811; x_wconf 90' lang='lat' dir='ltr'>et</span> <span class='ocrx_word' id='word_1_235' title='bbox 569 2756 637 2812; x_wconf 91' lang='lat' dir='ltr'>dicit</span> <span class='ocrx_word' id='word_1_236' title='bbox 659 2758 689 2812; x_wconf 91' lang='lat' dir='ltr'>in</span> <span class='ocrx_word' id='word_1_237' title='bbox 706 2757 823 2812; x_wconf 87' lang='lat' dir='ltr'>formari</span> <span class='ocrx_word' id='word_1_238' title='bbox 842 2760 870 2812; x_wconf 93' lang='grc' dir='ltr'><strong>εὴ</strong></span> <span class='ocrx_word' id='word_1_239' title='bbox 887 2757 946 2812; x_wconf 91' lang='lat' dir='ltr'>labi</span> <span class='ocrx_word' id='word_1_240' title='bbox 963 2763 983 2809; x_wconf 96' lang='lat' dir='ltr'>P</span> <span class='ocrx_word' id='word_1_241' title='bbox 1001 2760 1083 2812; x_wconf 84' lang='lat' dir='ltr'>solita</span> <span class='ocrx_word' id='word_1_242' title='bbox 1102 2761 1135 2814; x_wconf 86' lang='lat' dir='ltr'>iu</span> 
     </span>
     <span class='ocr_line' id='line_1_30' title="bbox 120 2826 1134 2899; baseline 0.005 -18"><span class='ocrx_word' id='word_1_243' title='bbox 120 2828 170 2881; x_wconf 81' lang='lat' dir='ltr'>hoc</span> <span class='ocrx_word' id='word_1_244' title='bbox 187 2832 265 2881; x_wconf 80' lang='lat' dir='ltr'>textu</span> <span class='ocrx_word' id='word_1_245' title='bbox 283 2828 440 2882; x_wconf 85' lang='lat' dir='ltr'>traiectioue</span> <span class='ocrx_word' id='word_1_246' title='bbox 459 2826 559 2896; x_wconf 88' lang='lat' dir='ltr'>(inlabi</span> <span class='ocrx_word' id='word_1_247' title='bbox 576 2829 662 2883; x_wconf 91' lang='lat' dir='ltr'>solum</span> <span class='ocrx_word' id='word_1_248' title='bbox 681 2830 737 2883; x_wconf 88' lang='lat' dir='ltr'>iam</span> <span class='ocrx_word' id='word_1_249' title='bbox 753 2828 892 2898; x_wconf 74' lang='lat' dir='ltr'>Gelenius)</span> <span class='ocrx_word' id='word_1_250' title='bbox 906 2831 915 2899; x_wconf 80' lang='grc' dir='ltr'>ΙΙ</span> <span class='ocrx_word' id='word_1_251' title='bbox 931 2833 964 2883; x_wconf 90' lang='grc'>10</span> <span class='ocrx_word' id='word_1_252' title='bbox 981 2829 1134 2886; x_wconf 85' lang='lat' dir='ltr'>daemones</span> 
     </span>
     <span class='ocr_line' id='line_1_31' title="bbox 120 2897 1135 2970; baseline 0.004 -17"><span class='ocrx_word' id='word_1_253' title='bbox 120 2899 229 2953; x_wconf 77' lang='lat' dir='ltr'>seclusit</span> <span class='ocrx_word' id='word_1_254' title='bbox 252 2897 369 2953; x_wconf 79' lang='lat' dir='ltr'>Ursinus</span> <span class='ocrx_word' id='word_1_255' title='bbox 394 2897 398 2969; x_wconf 86' lang='grc' dir='ltr'>Ι</span> <span class='ocrx_word' id='word_1_256' title='bbox 424 2901 567 2953; x_wconf 83' lang='lat' dir='ltr'>ostensum</span> <span class='ocrx_word' id='word_1_257' title='bbox 590 2898 680 2969; x_wconf 85' lang='lat' dir='ltr'>magis</span> <span class='ocrx_word' id='word_1_258' title='bbox 702 2899 912 2970; x_wconf 87' lang='lat' dir='ltr'>aphilosophis</span> <span class='ocrx_word' id='word_1_259' title='bbox 930 2905 958 2967; x_wconf 87' lang='lat' dir='ltr'>P,</span> <span class='ocrx_word' id='word_1_260' title='bbox 978 2916 1047 2955; x_wconf 88' lang='lat' dir='ltr'>eorr.</span> <span class='ocrx_word' id='word_1_261' title='bbox 1072 2899 1135 2957; x_wconf 88' lang='lat' dir='ltr'>Use-</span> 
     </span>
     <span class='ocr_line' id='line_1_32' title="bbox 120 2967 1133 3044; baseline 0.003 -21"><span class='ocrx_word' id='word_1_262' title='bbox 120 2987 211 3037; x_wconf 85' lang='lat' dir='ltr'>uerus,</span> <span class='ocrx_word' id='word_1_263' title='bbox 231 2971 279 3039; x_wconf 83' lang='lat' dir='ltr'>qui</span> <span class='ocrx_word' id='word_1_264' title='bbox 297 2970 326 3023; x_wconf 88' lang='lat' dir='ltr'>et</span> <span class='ocrx_word' id='word_1_265' title='bbox 344 2967 492 3024; x_wconf 84' lang='lat' dir='ltr'>aPlatone</span> <span class='ocrx_word' id='word_1_266' title='bbox 510 2971 619 3026; x_wconf 80' lang='lat' dir='ltr'>seclusit</span> <span class='ocrx_word' id='word_1_267' title='bbox 638 2972 682 3039; x_wconf 88' lang='lat' dir='ltr'>(ac</span> <span class='ocrx_word' id='word_1_268' title='bbox 698 2988 750 3039; x_wconf 90' lang='lat' dir='ltr'>pro</span> <span class='ocrx_word' id='word_1_269' title='bbox 770 2972 799 3024; x_wconf 91' lang='lat' dir='ltr'>et</span> <span class='ocrx_word' id='word_1_270' title='bbox 816 2971 915 3026; x_wconf 84' lang='lat' dir='ltr'>moluit</span> <span class='ocrx_word' id='word_1_271' title='bbox 928 2970 1110 3039; x_wconf 82' lang='lat' dir='ltr'>Dombartus)</span> <span class='ocrx_word' id='word_1_272' title='bbox 1125 2973 1133 3044; x_wconf 70' lang='lat' dir='ltr'>ll</span> 
     </span>
     <span class='ocr_line' id='line_1_33' title="bbox 122 3040 1133 3112; baseline 0.005 -17"><span class='ocrx_word' id='word_1_273' title='bbox 122 3047 153 3095; x_wconf 90' lang='lat'>11</span> <span class='ocrx_word' id='word_1_274' title='bbox 179 3040 334 3096; x_wconf 84' lang='lat' dir='ltr'>consecrati</span> <span class='ocrx_word' id='word_1_275' title='bbox 355 3046 388 3108; x_wconf 92' lang='lat' dir='ltr'>P,</span> <span class='ocrx_word' id='word_1_276' title='bbox 412 3057 481 3094; x_wconf 86' lang='lat' dir='ltr'>corr.</span> <span class='ocrx_word' id='word_1_277' title='bbox 501 3040 663 3096; x_wconf 81' lang='lat' dir='ltr'>Bcleluiuus</span> <span class='ocrx_word' id='word_1_278' title='bbox 685 3044 694 3110; x_wconf 88' lang='grc' dir='ltr'>ΙΙ</span> <span class='ocrx_word' id='word_1_279' title='bbox 719 3047 751 3095; x_wconf 88' lang='grc'>13</span> <span class='ocrx_word' id='word_1_280' title='bbox 774 3041 933 3096; x_wconf 87' lang='lat' dir='ltr'>inseruntur</span> <span class='ocrx_word' id='word_1_281' title='bbox 954 3044 1067 3112; x_wconf 76' lang='lat' dir='ltr'>scripsi:</span> <span class='ocrx_word' id='word_1_282' title='bbox 1091 3042 1133 3100; x_wconf 84' lang='lat' dir='ltr'>in·</span> 
     </span>
     <span class='ocr_line' id='line_1_34' title="bbox 121 3110 1134 3183; baseline 0.006 -19"><span class='ocrx_word' id='word_1_283' title='bbox 121 3112 263 3180; x_wconf 84' lang='lat' dir='ltr'>spirantur</span> <span class='ocrx_word' id='word_1_284' title='bbox 280 3118 300 3164; x_wconf 97' lang='lat' dir='ltr'>P</span> <span class='ocrx_word' id='word_1_285' title='bbox 319 3111 458 3180; x_wconf 88' lang='lat' dir='ltr'>inspirant</span> <span class='ocrx_word' id='word_1_286' title='bbox 476 3110 494 3168; x_wconf 92' lang='lat' dir='ltr'>i.</span> <span class='ocrx_word' id='word_1_287' title='bbox 512 3115 593 3167; x_wconf 88' lang='lat' dir='ltr'>uates</span> <span class='ocrx_word' id='word_1_288' title='bbox 612 3112 780 3167; x_wconf 84' lang='lat' dir='ltr'>Douibortus</span> <span class='ocrx_word' id='word_1_289' title='bbox 798 3115 807 3183; x_wconf 82' lang='grc' dir='ltr'>ΙΙ</span> <span class='ocrx_word' id='word_1_290' title='bbox 828 3119 860 3166; x_wconf 86' lang='grc'>14</span> <span class='ocrx_word' id='word_1_291' title='bbox 879 3130 944 3167; x_wconf 90' lang='lat' dir='ltr'>cum</span> <span class='ocrx_word' id='word_1_292' title='bbox 962 3115 1046 3168; x_wconf 80' lang='lat' dir='ltr'>idern:</span> <span class='ocrx_word' id='word_1_293' title='bbox 1065 3113 1134 3170; x_wconf 85' lang='lat' dir='ltr'>dum</span> 
     </span>
     <span class='ocr_line' id='line_1_35' title="bbox 120 3182 1134 3253; baseline 0.008 -21"><span class='ocrx_word' id='word_1_294' title='bbox 120 3187 140 3232; x_wconf 95' lang='lat' dir='ltr'>P</span> <span class='ocrx_word' id='word_1_295' title='bbox 162 3184 171 3250; x_wconf 90' lang='lat' dir='ltr'>l</span> <span class='ocrx_word' id='word_1_296' title='bbox 197 3191 228 3237; x_wconf 87' lang='lat'>16</span> <span class='ocrx_word' id='word_1_297' title='bbox 247 3182 423 3238; x_wconf 88' lang='lat' dir='ltr'>inuoluentes</span> <span class='ocrx_word' id='word_1_298' title='bbox 442 3201 534 3253; x_wconf 89' lang='lat' dir='ltr'>pauca</span> <span class='ocrx_word' id='word_1_299' title='bbox 551 3200 620 3238; x_wconf 88' lang='lat' dir='ltr'>uera</span> <span class='ocrx_word' id='word_1_300' title='bbox 637 3184 749 3252; x_wconf 84' lang='lat' dir='ltr'>scripsi:</span> <span class='ocrx_word' id='word_1_301' title='bbox 771 3183 900 3239; x_wconf 89' lang='lat' dir='ltr'>inuoluta</span> <span class='ocrx_word' id='word_1_302' title='bbox 917 3191 937 3236; x_wconf 99' lang='lat' dir='ltr'>P</span> <span class='ocrx_word' id='word_1_303' title='bbox 955 3202 1023 3239; x_wconf 88' lang='lat' dir='ltr'>uera</span> <span class='ocrx_word' id='word_1_304' title='bbox 1041 3184 1134 3240; x_wconf 91' lang='lat' dir='ltr'>inuol-</span> 
     </span>
     <span class='ocr_line' id='line_1_36' title="bbox 120 3253 1134 3326; baseline 0.008 -22"><span class='ocrx_word' id='word_1_305' title='bbox 120 3256 192 3305; x_wconf 88' lang='lat' dir='ltr'>uunt</span> <span class='ocrx_word' id='word_1_306' title='bbox 205 3253 351 3318; x_wconf 50' lang='lat' dir='ltr'>Umerus</span> <span class='ocrx_word' id='word_1_307' title='bbox 365 3255 538 3323; x_wconf 83' lang='lat' dir='ltr'>probabilior</span> <span class='ocrx_word' id='word_1_308' title='bbox 552 3257 643 3310; x_wconf 79' lang='lat' dir='ltr'>ruendi</span> <span class='ocrx_word' id='word_1_309' title='bbox 656 3257 732 3326; x_wconf 84' lang='lat' dir='ltr'>oripo</span> <span class='ocrx_word' id='word_1_310' title='bbox 746 3257 778 3309; x_wconf 90' lang='lat' dir='ltr'>iu</span> <span class='ocrx_word' id='word_1_311' title='bbox 791 3273 850 3310; x_wconf 83' lang='lat' dir='ltr'>meo</span> <span class='ocrx_word' id='word_1_312' title='bbox 865 3256 984 3324; x_wconf 82' lang='lat' dir='ltr'>lectione,</span> <span class='ocrx_word' id='word_1_313' title='bbox 999 3257 1134 3325; x_wconf 81' lang='lat' dir='ltr'>siquidem</span> 
     </span>
     <span class='ocr_line' id='line_1_37' title="bbox 121 3323 1133 3397; baseline 0.007 -21"><span class='ocrx_word' id='word_1_314' title='bbox 121 3324 274 3377; x_wconf 81' lang='lat' dir='ltr'>aberrcuclo</span> <span class='ocrx_word' id='word_1_315' title='bbox 292 3325 397 3390; x_wconf 79' lang='lat' dir='ltr'>factum</span> <span class='ocrx_word' id='word_1_316' title='bbox 415 3330 453 3380; x_wconf 84' lang='lat' dir='ltr'>est</span> <span class='ocrx_word' id='word_1_317' title='bbox 471 3323 625 3394; x_wconf 79' lang='lat' dir='ltr'>inuoluera,</span> <span class='ocrx_word' id='word_1_318' title='bbox 644 3327 708 3380; x_wconf 85' lang='lat' dir='ltr'>deiu</span> <span class='ocrx_word' id='word_1_319' title='bbox 725 3326 855 3380; x_wconf 91' lang='lat' dir='ltr'>inuoluta</span> <span class='ocrx_word' id='word_1_320' title='bbox 868 3329 878 3397; x_wconf 90' lang='lat' dir='ltr'>l</span> <span class='ocrx_word' id='word_1_321' title='bbox 893 3332 924 3381; x_wconf 88' lang='grc'>17</span> <span class='ocrx_word' id='word_1_322' title='bbox 945 3329 977 3381; x_wconf 89' lang='lat' dir='ltr'>ut</span> <span class='ocrx_word' id='word_1_323' title='bbox 994 3345 1028 3382; x_wconf 88' lang='lat' dir='ltr'>m.</span> <span class='ocrx_word' id='word_1_324' title='bbox 1043 3333 1060 3381; x_wconf 90' lang='lat'><strong><em>1</em></strong></span> <span class='ocrx_word' id='word_1_325' title='bbox 1077 3345 1098 3383; x_wconf 91' lang='lat' dir='ltr'>s.</span> <span class='ocrx_word' id='word_1_326' title='bbox 1115 3329 1133 3384; x_wconf 92' lang='lat' dir='ltr'>l.</span> 
     </span>
     <span class='ocr_line' id='line_1_38' title="bbox 119 3394 1134 3467; baseline 0.008 -21"><span class='ocrx_word' id='word_1_327' title='bbox 119 3396 163 3465; x_wconf 74' lang='lat' dir='ltr'>Pl}</span> <span class='ocrx_word' id='word_1_328' title='bbox 176 3399 210 3447; x_wconf 76' lang='lat'>20</span> <span class='ocrx_word' id='word_1_329' title='bbox 229 3394 266 3448; x_wconf 88' lang='lat' dir='ltr'>ad</span> <span class='ocrx_word' id='word_1_330' title='bbox 284 3396 433 3450; x_wconf 88' lang='lat' dir='ltr'>materiam</span> <span class='ocrx_word' id='word_1_331' title='bbox 453 3395 595 3462; x_wconf 79' lang='lat' dir='ltr'>Oueelius;</span> <span class='ocrx_word' id='word_1_332' title='bbox 616 3398 737 3467; x_wconf 82' lang='lat' dir='ltr'>equidem</span> <span class='ocrx_word' id='word_1_333' title='bbox 755 3400 908 3453; x_wconf 85' lang='lat' dir='ltr'>secluserim</span> <span class='ocrx_word' id='word_1_334' title='bbox 924 3399 929 3466; x_wconf 91' lang='grc' dir='ltr'>Ι</span> <span class='ocrx_word' id='word_1_335' title='bbox 945 3414 1056 3454; x_wconf 90' lang='lat' dir='ltr'>somnos</span> <span class='ocrx_word' id='word_1_336' title='bbox 1081 3399 1134 3454; x_wconf 89' lang='lat' dir='ltr'>Ur·</span> 
     </span>
     <span class='ocr_line' id='line_1_39' title="bbox 120 3467 1133 3538; baseline 0.007 -19"><span class='ocrx_word' id='word_1_337' title='bbox 120 3467 211 3520; x_wconf 89' lang='lat' dir='ltr'>siuus:</span> <span class='ocrx_word' id='word_1_338' title='bbox 237 3482 332 3519; x_wconf 86' lang='lat' dir='ltr'>omnes</span> <span class='ocrx_word' id='word_1_339' title='bbox 346 3472 366 3518; x_wconf 97' lang='lat' dir='ltr'>P</span> <span class='ocrx_word' id='word_1_340' title='bbox 380 3469 389 3536; x_wconf 70' lang='lat' dir='ltr'>ll</span> <span class='ocrx_word' id='word_1_341' title='bbox 403 3472 436 3519; x_wconf 78' lang='lat'>21</span> <span class='ocrx_word' id='word_1_342' title='bbox 458 3468 584 3522; x_wconf 86' lang='lat' dir='ltr'>occultae</span> <span class='ocrx_word' id='word_1_343' title='bbox 597 3474 617 3520; x_wconf 94' lang='lat' dir='ltr'>P</span> <span class='ocrx_word' id='word_1_344' title='bbox 631 3470 640 3537; x_wconf 87' lang='grc' dir='ltr'>ΙΙ</span> <span class='ocrx_word' id='word_1_345' title='bbox 654 3474 688 3522; x_wconf 82' lang='lat'>22</span> <span class='ocrx_word' id='word_1_346' title='bbox 707 3471 801 3523; x_wconf 83' lang='lat' dir='ltr'>malim</span> <span class='ocrx_word' id='word_1_347' title='bbox 819 3468 971 3538; x_wconf 83' lang='lat' dir='ltr'>inpinguat</span> <span class='ocrx_word' id='word_1_348' title='bbox 984 3471 994 3538; x_wconf 85' lang='grc' dir='ltr'>ΙΙ</span> <span class='ocrx_word' id='word_1_349' title='bbox 1008 3475 1041 3523; x_wconf 80' lang='lat'>23</span> <span class='ocrx_word' id='word_1_350' title='bbox 1061 3469 1133 3526; x_wconf 84' lang='lat' dir='ltr'>alte-</span> 
     </span>
     <span class='ocr_line' id='line_1_40' title="bbox 120 3535 1134 3612; baseline 0.007 -23"><span class='ocrx_word' id='word_1_351' title='bbox 120 3535 225 3590; x_wconf 89' lang='lat' dir='ltr'>riumP</span> <span class='ocrx_word' id='word_1_352' title='bbox 244 3554 277 3592; x_wconf 87' lang='lat' dir='ltr'>m.</span> <span class='ocrx_word' id='word_1_353' title='bbox 297 3537 336 3606; x_wconf 67' lang='lat' dir='ltr'>ll</span> <span class='ocrx_word' id='word_1_354' title='bbox 350 3537 426 3607; x_wconf 83' lang='lat' dir='ltr'>rogis</span> <span class='ocrx_word' id='word_1_355' title='bbox 443 3539 542 3607; x_wconf 84' lang='lat' dir='ltr'>scripsi</span> <span class='ocrx_word' id='word_1_356' title='bbox 560 3555 593 3595; x_wconf 77' lang='lat' dir='ltr'>erc</span> <span class='ocrx_word' id='word_1_357' title='bbox 609 3539 691 3612; x_wconf 80' lang='lat' dir='ltr'>Oppr.</span> <span class='ocrx_word' id='word_1_358' title='bbox 711 3545 735 3608; x_wconf 84' lang='lat'>4,</span> <span class='ocrx_word' id='word_1_359' title='bbox 750 3545 779 3594; x_wconf 88' lang='lat'>4:</span> <span class='ocrx_word' id='word_1_360' title='bbox 798 3540 899 3594; x_wconf 87' lang='lat' dir='ltr'>hostiis</span> <span class='ocrx_word' id='word_1_361' title='bbox 918 3542 962 3610; x_wconf 76' lang='lat' dir='ltr'>(ex</span> <span class='ocrx_word' id='word_1_362' title='bbox 980 3538 1031 3593; x_wconf 88' lang='lat' dir='ltr'>-tis</span> <span class='ocrx_word' id='word_1_363' title='bbox 1050 3546 1134 3611; x_wconf 85' lang='lat' dir='ltr'>corr.)</span> 
     </span>
    </p>
   </div>
   <div class='ocr_carea' id='block_1_5' title="bbox 0 0 1238 3996">
    <p class='ocr_par' dir='ltr' id='par_1_7' title="bbox 0 0 1238 3996">
     <span class='ocr_line' id='line_1_41' title="bbox 0 0 1238 3996; baseline 0 1"><span class='ocrx_word' id='word_1_364' title='bbox 0 0 1238 3996; x_wconf 95' lang='lat' dir='ltr'> </span> 
     </span>
    </p>
   </div>
  </div>
 </body>
</html>
