<?xml version="1.0" encoding="UTF-8"?>
<!DOCTYPE html PUBLIC "-//W3C//DTD XHTML 1.0 Transitional//EN"
    "http://www.w3.org/TR/xhtml1/DTD/xhtml1-transitional.dtd">
<html xmlns="http://www.w3.org/1999/xhtml" xml:lang="en" lang="en">
 <head>
  <title>
</title>
<meta http-equiv="Content-Type" content="text/html;charset=utf-8" />
  <meta name='ocr-system' content='tesseract 3.04.00' />
  <meta name='ocr-capabilities' content='ocr_page ocr_carea ocr_par ocr_line ocrx_word'/>
</head>
<body>
  <div class='ocr_page' id='page_1' title='image "./mminuciifelicis01baehgoog_0093.png"; bbox 0 0 2468 3996; ppageno 0'>
   <div class='ocr_carea' id='block_1_1' title="bbox 123 128 781 196">
    <p class='ocr_par' dir='ltr' id='par_1_1' title="bbox 123 128 781 196">
     <span class='ocr_line' id='line_1_1' title="bbox 123 128 781 196; baseline 0.006 -14"><span class='ocrx_word' id='word_1_1' title='bbox 123 131 167 196; x_wconf 81' lang='lat'>52</span> <span class='ocrx_word' id='word_1_2' title='bbox 481 128 781 186; x_wconf 72' lang='lat' dir='ltr'>uniucusmicrs</span> 
     </span>
    </p>
   </div>
   <div class='ocr_carea' id='block_1_2' title="bbox 72 275 1181 2309">
    <p class='ocr_par' dir='ltr' id='par_1_2' title="bbox 72 275 1181 2309">
     <span class='ocr_line' id='line_1_2' title="bbox 123 275 1142 363; baseline 0.004 -22"><span class='ocrx_word' id='word_1_3' title='bbox 123 275 290 341; x_wconf 92' lang='lat' dir='ltr'>uientibus</span> <span class='ocrx_word' id='word_1_4' title='bbox 313 296 420 362; x_wconf 81' lang='lat' dir='ltr'>reges3</span> <span class='ocrx_word' id='word_1_5' title='bbox 448 275 567 341; x_wconf 89' lang='lat' dir='ltr'>modici</span> <span class='ocrx_word' id='word_1_6' title='bbox 590 277 719 358; x_wconf 89' lang='lat' dir='ltr'>multos,</span> <span class='ocrx_word' id='word_1_7' title='bbox 743 277 860 341; x_wconf 91' lang='lat' dir='ltr'>inermi</span> <span class='ocrx_word' id='word_1_8' title='bbox 883 280 1042 363; x_wconf 82' lang='lat' dir='ltr'>armatos,</span> <span class='ocrx_word' id='word_1_9' title='bbox 1067 279 1142 345; x_wconf 91' lang='lat' dir='ltr'>dum</span> 
     </span>
     <span class='ocr_line' id='line_1_3' title="bbox 123 363 1142 448; baseline 0.007 -21"><span class='ocrx_word' id='word_1_10' title='bbox 123 363 255 447; x_wconf 80' lang='lat' dir='ltr'>fugiunt</span> <span class='ocrx_word' id='word_1_11' title='bbox 277 364 499 448; x_wconf 86' lang='lat' dir='ltr'>insequentes,</span> <span class='ocrx_word' id='word_1_12' title='bbox 527 364 578 429; x_wconf 90' lang='lat' dir='ltr'>dei</span> <span class='ocrx_word' id='word_1_13' title='bbox 601 365 691 429; x_wconf 89' lang='lat' dir='ltr'>iussu</span> <span class='ocrx_word' id='word_1_14' title='bbox 715 367 749 428; x_wconf 90' lang='lat' dir='ltr'>et</span> <span class='ocrx_word' id='word_1_15' title='bbox 772 365 941 431; x_wconf 90' lang='lat' dir='ltr'>elementis</span> <span class='ocrx_word' id='word_1_16' title='bbox 965 366 1142 434; x_wconf 76' lang='lat' dir='ltr'>adnitenti-</span> 
     </span>
     <span class='ocr_line' id='line_1_4' title="bbox 88 453 1143 538; baseline 0.007 -22"><span class='ocrx_word' id='word_1_17' title='bbox 88 469 105 516; x_wconf 88' lang='lat'>4</span> <span class='ocrx_word' id='word_1_18' title='bbox 124 453 184 517; x_wconf 89' lang='lat' dir='ltr'>bus</span> <span class='ocrx_word' id='word_1_19' title='bbox 209 453 394 518; x_wconf 87' lang='lat' dir='ltr'>obruerunt.</span> <span class='ocrx_word' id='word_1_20' title='bbox 437 453 558 537; x_wconf 81' lang='lat' dir='ltr'>scripta</span> <span class='ocrx_word' id='word_1_21' title='bbox 581 474 692 518; x_wconf 89' lang='lat' dir='ltr'>eorum</span> <span class='ocrx_word' id='word_1_22' title='bbox 715 454 824 538; x_wconf 83' lang='lat' dir='ltr'>relege</span> <span class='ocrx_word' id='word_1_23' title='bbox 847 454 913 538; x_wconf 89' lang='lat' dir='ltr'>uel,</span> <span class='ocrx_word' id='word_1_24' title='bbox 937 459 974 519; x_wconf 92' lang='lat' dir='ltr'>ut</span> <span class='ocrx_word' id='word_1_25' title='bbox 998 459 1143 523; x_wconf 81' lang='lat' dir='ltr'>transea-</span> 
     </span>
     <span class='ocr_line' id='line_1_5' title="bbox 124 540 1141 633; baseline 0.006 -27"><span class='ocrx_word' id='word_1_26' title='bbox 124 563 195 606; x_wconf 89' lang='lat' dir='ltr'>mus</span> <span class='ocrx_word' id='word_1_27' title='bbox 228 545 368 620; x_wconf 88' lang='lat' dir='ltr'>ueteres,</span> <span class='ocrx_word' id='word_1_28' title='bbox 400 540 495 605; x_wconf 83' lang='lat' dir='ltr'>Flaui</span> <span class='ocrx_word' id='word_1_29' title='bbox 523 541 654 627; x_wconf 90' lang='lat' dir='ltr'>Iosephi</span> <span class='ocrx_word' id='word_1_30' title='bbox 686 542 751 624; x_wconf 86' lang='lat' dir='ltr'>uel,</span> <span class='ocrx_word' id='word_1_31' title='bbox 784 543 813 607; x_wconf 89' lang='lat' dir='ltr'>si</span> <span class='ocrx_word' id='word_1_32' title='bbox 842 543 1000 609; x_wconf 79' lang='lat' dir='ltr'>Romanis</span> <span class='ocrx_word' id='word_1_33' title='bbox 1033 546 1141 633; x_wconf 79' lang='lat' dir='ltr'>magis</span> 
     </span>
     <span class='ocr_line' id='line_1_6' title="bbox 123 629 1175 716; baseline 0.008 -23"><span class='ocrx_word' id='word_1_34' title='bbox 123 629 256 715; x_wconf 82' lang='lat' dir='ltr'>gaudes,</span> <span class='ocrx_word' id='word_1_35' title='bbox 285 629 411 695; x_wconf 79' lang='lat' dir='ltr'><strong>Antoni</strong></span> <span class='ocrx_word' id='word_1_36' title='bbox 433 629 550 694; x_wconf 82' lang='lat' dir='ltr'>Iuliani</span> <span class='ocrx_word' id='word_1_37' title='bbox 575 630 613 695; x_wconf 87' lang='lat' dir='ltr'>de</span> <span class='ocrx_word' id='word_1_38' title='bbox 636 629 763 695; x_wconf 74' lang='lat' dir='ltr'>Iudaeis</span> <span class='ocrx_word' id='word_1_39' title='bbox 786 632 927 716; x_wconf 87' lang='lat' dir='ltr'>require:</span> <span class='ocrx_word' id='word_1_40' title='bbox 956 632 1024 697; x_wconf 81' lang='lat' dir='ltr'>iem</span> <span class='ocrx_word' id='word_1_41' title='bbox 1048 637 1175 715; x_wconf 60' lang='lat' dir='ltr'>scient</span> 
     </span>
     <span class='ocr_line' id='line_1_7' title="bbox 122 717 1142 808; baseline 0.007 -26"><span class='ocrx_word' id='word_1_42' title='bbox 122 718 267 800; x_wconf 84' lang='lat' dir='ltr'>nequitis</span> <span class='ocrx_word' id='word_1_43' title='bbox 295 739 354 782; x_wconf 84' lang='lat' dir='ltr'>sus</span> <span class='ocrx_word' id='word_1_44' title='bbox 381 717 465 784; x_wconf 81' lang='lat' dir='ltr'>hanc</span> <span class='ocrx_word' id='word_1_45' title='bbox 488 740 544 784; x_wconf 91' lang='lat' dir='ltr'>eos</span> <span class='ocrx_word' id='word_1_46' title='bbox 573 718 729 784; x_wconf 90' lang='lat' dir='ltr'>meruisse</span> <span class='ocrx_word' id='word_1_47' title='bbox 756 718 940 804; x_wconf 78' lang='lat' dir='ltr'>fortunam,</span> <span class='ocrx_word' id='word_1_48' title='bbox 967 742 1028 786; x_wconf 90' lang='lat' dir='ltr'>nec</span> <span class='ocrx_word' id='word_1_49' title='bbox 1051 723 1142 808; x_wconf 89' lang='lat' dir='ltr'>quid-</span> 
     </span>
     <span class='ocr_line' id='line_1_8' title="bbox 124 806 1142 895; baseline 0.007 -25"><span class='ocrx_word' id='word_1_50' title='bbox 124 827 222 891; x_wconf 82' lang='lat' dir='ltr'>quem</span> <span class='ocrx_word' id='word_1_51' title='bbox 245 806 399 871; x_wconf 84' lang='lat' dir='ltr'>sccidisse</span> <span class='ocrx_word' id='word_1_52' title='bbox 419 806 504 891; x_wconf 90' lang='lat' dir='ltr'>quod</span> <span class='ocrx_word' id='word_1_53' title='bbox 522 828 589 872; x_wconf 90' lang='lat' dir='ltr'>non</span> <span class='ocrx_word' id='word_1_54' title='bbox 609 807 653 870; x_wconf 89' lang='lat' dir='ltr'>sit</span> <span class='ocrx_word' id='word_1_55' title='bbox 673 807 723 886; x_wconf 88' lang='lat' dir='ltr'>iis,</span> <span class='ocrx_word' id='word_1_56' title='bbox 747 807 774 872; x_wconf 94' lang='lat' dir='ltr'>si</span> <span class='ocrx_word' id='word_1_57' title='bbox 792 808 827 872; x_wconf 91' lang='lat' dir='ltr'>in</span> <span class='ocrx_word' id='word_1_58' title='bbox 845 810 1051 875; x_wconf 74' lang='lat' dir='ltr'>contumacia</span> <span class='ocrx_word' id='word_1_59' title='bbox 1068 833 1142 895; x_wconf 89' lang='lat' dir='ltr'>per-</span> 
     </span>
     <span class='ocr_line' id='line_1_9' title="bbox 88 895 1142 980; baseline 0.007 -22"><span class='ocrx_word' id='word_1_60' title='bbox 88 898 324 978; x_wconf 81' lang='lat' dir='ltr'>5seuerarent,</span> <span class='ocrx_word' id='word_1_61' title='bbox 348 899 423 959; x_wconf 84' lang='lat' dir='ltr'>ante</span> <span class='ocrx_word' id='word_1_62' title='bbox 446 896 657 979; x_wconf 83' lang='lat' dir='ltr'>praedictum.</span> <span class='ocrx_word' id='word_1_63' title='bbox 696 895 743 959; x_wconf 84' lang='lat' dir='ltr'>ita</span> <span class='ocrx_word' id='word_1_64' title='bbox 765 896 856 980; x_wconf 90' lang='lat' dir='ltr'>prius</span> <span class='ocrx_word' id='word_1_65' title='bbox 880 919 935 963; x_wconf 89' lang='lat' dir='ltr'>eos</span> <span class='ocrx_word' id='word_1_66' title='bbox 959 898 1142 966; x_wconf 86' lang='lat' dir='ltr'>deseruisse</span> 
     </span>
     <span class='ocr_line' id='line_1_10' title="bbox 124 982 1142 1071; baseline 0.006 -23"><span class='ocrx_word' id='word_1_67' title='bbox 124 982 366 1067; x_wconf 81' lang='lat' dir='ltr'>conprehendes</span> <span class='ocrx_word' id='word_1_68' title='bbox 394 1005 493 1067; x_wconf 78' lang='lat' dir='ltr'>quam</span> <span class='ocrx_word' id='word_1_69' title='bbox 520 1004 590 1049; x_wconf 91' lang='lat' dir='ltr'>esse</span> <span class='ocrx_word' id='word_1_70' title='bbox 619 983 765 1049; x_wconf 89' lang='lat' dir='ltr'>desertos</span> <span class='ocrx_word' id='word_1_71' title='bbox 799 1006 874 1070; x_wconf 85' lang='lat' dir='ltr'>nec,</span> <span class='ocrx_word' id='word_1_72' title='bbox 900 989 938 1050; x_wconf 92' lang='lat' dir='ltr'>ut</span> <span class='ocrx_word' id='word_1_73' title='bbox 965 986 1065 1071; x_wconf 87' lang='lat' dir='ltr'>impie</span> <span class='ocrx_word' id='word_1_74' title='bbox 1094 989 1142 1054; x_wconf 94' lang='lat' dir='ltr'>lo-</span> 
     </span>
     <span class='ocr_line' id='line_1_11' title="bbox 124 1071 1177 1159; baseline 0.008 -24"><span class='ocrx_word' id='word_1_75' title='bbox 124 1071 242 1156; x_wconf 84' lang='lat' dir='ltr'>queris,</span> <span class='ocrx_word' id='word_1_76' title='bbox 266 1093 339 1137; x_wconf 92' lang='lat' dir='ltr'>cum</span> <span class='ocrx_word' id='word_1_77' title='bbox 363 1071 423 1137; x_wconf 89' lang='lat' dir='ltr'>deo</span> <span class='ocrx_word' id='word_1_78' title='bbox 448 1094 507 1138; x_wconf 87' lang='lat' dir='ltr'>suo</span> <span class='ocrx_word' id='word_1_79' title='bbox 531 1075 654 1156; x_wconf 83' lang='lat' dir='ltr'>captos,</span> <span class='ocrx_word' id='word_1_80' title='bbox 683 1072 738 1137; x_wconf 90' lang='lat' dir='ltr'>sed</span> <span class='ocrx_word' id='word_1_81' title='bbox 762 1095 781 1138; x_wconf 84' lang='lat' dir='ltr'>a</span> <span class='ocrx_word' id='word_1_82' title='bbox 805 1072 864 1138; x_wconf 92' lang='lat' dir='ltr'>deo</span> <span class='ocrx_word' id='word_1_83' title='bbox 886 1077 924 1140; x_wconf 93' lang='lat' dir='ltr'>ut</span> <span class='ocrx_word' id='word_1_84' title='bbox 947 1075 1141 1159; x_wconf 75' lang='lat' dir='ltr'>disciplinae</span> <span class='ocrx_word' id='word_1_85' title='bbox 1155 1096 1177 1136; x_wconf 86' lang='lat'>1⁰</span> 
     </span>
     <span class='ocr_line' id='line_1_12' title="bbox 72 1156 1142 1248; baseline 0.007 -24"><span class='ocrx_word' id='word_1_86' title='bbox 72 1156 311 1246; x_wconf 82' lang='lat' dir='ltr'>34trensfugcs</span> <span class='ocrx_word' id='word_1_87' title='bbox 340 1160 474 1226; x_wconf 87' lang='lat' dir='ltr'>deditos.</span> <span class='ocrx_word' id='word_1_88' title='bbox 516 1164 659 1226; x_wconf 91' lang='lat' dir='ltr'>ceterum</span> <span class='ocrx_word' id='word_1_89' title='bbox 686 1161 724 1226; x_wconf 86' lang='lat' dir='ltr'>de</span> <span class='ocrx_word' id='word_1_90' title='bbox 751 1162 900 1227; x_wconf 89' lang='lat' dir='ltr'>incendio</span> <span class='ocrx_word' id='word_1_91' title='bbox 928 1163 1054 1248; x_wconf 88' lang='lat' dir='ltr'>mundi,</span> <span class='ocrx_word' id='word_1_92' title='bbox 1083 1169 1142 1231; x_wconf 86' lang='lat' dir='ltr'>aut</span> 
     </span>
     <span class='ocr_line' id='line_1_13' title="bbox 123 1249 1141 1337; baseline 0.008 -25"><span class='ocrx_word' id='word_1_93' title='bbox 123 1249 328 1333; x_wconf 91' lang='lat' dir='ltr'>inprouisum</span> <span class='ocrx_word' id='word_1_94' title='bbox 365 1249 475 1335; x_wconf 88' lang='lat' dir='ltr'>ignem</span> <span class='ocrx_word' id='word_1_95' title='bbox 507 1249 620 1315; x_wconf 85' lang='lat' dir='ltr'>cadere</span> <span class='ocrx_word' id='word_1_96' title='bbox 652 1253 710 1315; x_wconf 82' lang='lat' dir='ltr'>aut</span> <span class='ocrx_word' id='word_1_97' title='bbox 742 1249 910 1316; x_wconf 89' lang='lat' dir='ltr'>deficiente</span> <span class='ocrx_word' id='word_1_98' title='bbox 941 1273 1040 1337; x_wconf 77' lang='lat' dir='ltr'>equa,</span> <span class='ocrx_word' id='word_1_99' title='bbox 1072 1275 1141 1320; x_wconf 89' lang='lat' dir='ltr'>non</span> 
     </span>
     <span class='ocr_line' id='line_1_14' title="bbox 88 1337 1140 1424; baseline 0.006 -22"><span class='ocrx_word' id='word_1_100' title='bbox 88 1337 252 1402; x_wconf 73' lang='lat' dir='ltr'>ecredere</span> <span class='ocrx_word' id='word_1_101' title='bbox 285 1339 430 1423; x_wconf 82' lang='lat' dir='ltr'>uulgaris</span> <span class='ocrx_word' id='word_1_102' title='bbox 464 1339 581 1403; x_wconf 89' lang='lat' dir='ltr'>erroris</span> <span class='ocrx_word' id='word_1_103' title='bbox 614 1341 673 1403; x_wconf 89' lang='lat' dir='ltr'>est.</span> <span class='ocrx_word' id='word_1_104' title='bbox 719 1339 793 1422; x_wconf 84' lang='lat' dir='ltr'>quis</span> <span class='ocrx_word' id='word_1_105' title='bbox 822 1341 907 1404; x_wconf 91' lang='lat' dir='ltr'>enim</span> <span class='ocrx_word' id='word_1_106' title='bbox 940 1342 1140 1424; x_wconf 79' lang='lat' dir='ltr'>sapientium</span> 
     </span>
     <span class='ocr_line' id='line_1_15' title="bbox 125 1424 1141 1517; baseline 0.006 -28"><span class='ocrx_word' id='word_1_107' title='bbox 125 1424 266 1508; x_wconf 83' lang='lat' dir='ltr'>dubitat,</span> <span class='ocrx_word' id='word_1_108' title='bbox 290 1427 362 1510; x_wconf 90' lang='lat' dir='ltr'>quis</span> <span class='ocrx_word' id='word_1_109' title='bbox 385 1427 528 1511; x_wconf 82' lang='lat' dir='ltr'>ignorat,</span> <span class='ocrx_word' id='word_1_110' title='bbox 551 1425 660 1491; x_wconf 80' lang='lat' dir='ltr'>omnia</span> <span class='ocrx_word' id='word_1_111' title='bbox 684 1448 766 1510; x_wconf 84' lang='lat' dir='ltr'>quae</span> <span class='ocrx_word' id='word_1_112' title='bbox 789 1431 863 1493; x_wconf 83' lang='lat' dir='ltr'>orte</span> <span class='ocrx_word' id='word_1_113' title='bbox 886 1432 964 1494; x_wconf 91' lang='lat' dir='ltr'>sunt</span> <span class='ocrx_word' id='word_1_114' title='bbox 984 1429 1141 1517; x_wconf 87' lang='lat' dir='ltr'>occidere,</span> 
     </span>
     <span class='ocr_line' id='line_1_16' title="bbox 125 1513 1178 1601; baseline 0.002 -24"><span class='ocrx_word' id='word_1_115' title='bbox 125 1513 314 1599; x_wconf 73' lang='lat' dir='ltr'>quaefacta</span> <span class='ocrx_word' id='word_1_116' title='bbox 333 1518 411 1579; x_wconf 90' lang='lat' dir='ltr'>sunt</span> <span class='ocrx_word' id='word_1_117' title='bbox 428 1515 583 1580; x_wconf 79' lang='lat' dir='ltr'>interire?</span> <span class='ocrx_word' id='word_1_118' title='bbox 608 1515 733 1580; x_wconf 78' lang='lat' dir='ltr'>caelum</span> <span class='ocrx_word' id='word_1_119' title='bbox 752 1537 878 1601; x_wconf 84' lang='lat' dir='ltr'>quoquc</span> <span class='ocrx_word' id='word_1_120' title='bbox 897 1538 970 1581; x_wconf 90' lang='lat' dir='ltr'>cum</span> <span class='ocrx_word' id='word_1_121' title='bbox 988 1519 1140 1584; x_wconf 89' lang='lat' dir='ltr'>omnibus</span> <span class='ocrx_word' id='word_1_122' title='bbox 1154 1538 1178 1580; x_wconf 84' lang='lat' dir='ltr'>rs</span> 
     </span>
     <span class='ocr_line' id='line_1_17' title="bbox 125 1603 1141 1689; baseline 0.006 -23"><span class='ocrx_word' id='word_1_123' title='bbox 125 1623 208 1686; x_wconf 82' lang='lat' dir='ltr'>quse</span> <span class='ocrx_word' id='word_1_124' title='bbox 232 1603 322 1669; x_wconf 83' lang='lat' dir='ltr'>caelo</span> <span class='ocrx_word' id='word_1_125' title='bbox 347 1605 562 1689; x_wconf 88' lang='lat' dir='ltr'>continentur,</span> <span class='ocrx_word' id='word_1_126' title='bbox 585 1604 633 1668; x_wconf 85' lang='lat' dir='ltr'>its</span> <span class='ocrx_word' id='word_1_127' title='bbox 656 1606 693 1668; x_wconf 95' lang='lat' dir='ltr'>ut</span> <span class='ocrx_word' id='word_1_128' title='bbox 716 1606 836 1689; x_wconf 89' lang='lat' dir='ltr'>coepit,</span> <span class='ocrx_word' id='word_1_129' title='bbox 862 1605 890 1670; x_wconf 93' lang='lat' dir='ltr'>si</span> <span class='ocrx_word' id='word_1_130' title='bbox 913 1604 1046 1671; x_wconf 88' lang='lat' dir='ltr'>desierit</span> <span class='ocrx_word' id='word_1_131' title='bbox 1068 1607 1141 1672; x_wconf 87' lang='lat' dir='ltr'>fon·</span> 
     </span>
     <span class='ocr_line' id='line_1_18' title="bbox 124 1690 1142 1781; baseline 0.007 -27"><span class='ocrx_word' id='word_1_132' title='bbox 124 1690 209 1755; x_wconf 92' lang='lat' dir='ltr'>tium</span> <span class='ocrx_word' id='word_1_133' title='bbox 229 1690 330 1756; x_wconf 80' lang='lat' dir='ltr'>didcis</span> <span class='ocrx_word' id='word_1_134' title='bbox 350 1714 434 1777; x_wconf 80' lang='lat' dir='ltr'>aqua</span> <span class='ocrx_word' id='word_1_135' title='bbox 453 1695 543 1757; x_wconf 82' lang='lat' dir='ltr'>estre</span> <span class='ocrx_word' id='word_1_136' title='bbox 564 1691 698 1776; x_wconf 88' lang='lat' dir='ltr'>nutrire,</span> <span class='ocrx_word' id='word_1_137' title='bbox 721 1692 756 1756; x_wconf 93' lang='lat' dir='ltr'>in</span> <span class='ocrx_word' id='word_1_138' title='bbox 773 1693 841 1759; x_wconf 89' lang='lat' dir='ltr'>uim</span> <span class='ocrx_word' id='word_1_139' title='bbox 860 1693 947 1779; x_wconf 84' lang='lat' dir='ltr'>ignis</span> <span class='ocrx_word' id='word_1_140' title='bbox 967 1694 1142 1781; x_wconf 82' lang='lat' dir='ltr'>abiturum,</span> 
     </span>
     <span class='ocr_line' id='line_1_19' title="bbox 126 1776 1141 1865; baseline 0.007 -23"><span class='ocrx_word' id='word_1_141' title='bbox 126 1776 245 1843; x_wconf 76' lang='lat' dir='ltr'>Stoicis</span> <span class='ocrx_word' id='word_1_142' title='bbox 279 1783 432 1844; x_wconf 81' lang='lat' dir='ltr'>constans</span> <span class='ocrx_word' id='word_1_143' title='bbox 465 1780 575 1865; x_wconf 92' lang='lat' dir='ltr'>opinio</span> <span class='ocrx_word' id='word_1_144' title='bbox 608 1784 670 1863; x_wconf 90' lang='lat' dir='ltr'>est,</span> <span class='ocrx_word' id='word_1_145' title='bbox 707 1780 794 1864; x_wconf 86' lang='lat' dir='ltr'>quod</span> <span class='ocrx_word' id='word_1_146' title='bbox 825 1786 994 1848; x_wconf 91' lang='lat' dir='ltr'>consumto</span> <span class='ocrx_word' id='word_1_147' title='bbox 1027 1806 1141 1850; x_wconf 91' lang='lat' dir='ltr'>umore</span> 
     </span>
     <span class='ocr_line' id='line_1_20' title="bbox 89 1866 1140 1954; baseline 0.005 -22"><span class='ocrx_word' id='word_1_148' title='bbox 89 1884 105 1932; x_wconf 87' lang='lat'><strong>3</strong></span> <span class='ocrx_word' id='word_1_149' title='bbox 125 1866 263 1932; x_wconf 87' lang='lat' dir='ltr'>mundus</span> <span class='ocrx_word' id='word_1_150' title='bbox 286 1867 340 1931; x_wconf 87' lang='lat' dir='ltr'>hie</span> <span class='ocrx_word' id='word_1_151' title='bbox 363 1869 467 1933; x_wconf 88' lang='lat' dir='ltr'>omnis</span> <span class='ocrx_word' id='word_1_152' title='bbox 490 1870 646 1953; x_wconf 81' lang='lat' dir='ltr'>ignescat.</span> <span class='ocrx_word' id='word_1_153' title='bbox 688 1871 720 1934; x_wconf 94' lang='lat' dir='ltr'>et</span> <span class='ocrx_word' id='word_1_154' title='bbox 743 1868 913 1954; x_wconf 81' lang='lat' dir='ltr'>Epicureis</span> <span class='ocrx_word' id='word_1_155' title='bbox 937 1870 976 1936; x_wconf 89' lang='lat' dir='ltr'>de</span> <span class='ocrx_word' id='word_1_156' title='bbox 999 1872 1140 1938; x_wconf 87' lang='lat' dir='ltr'>elemen-</span> 
     </span>
     <span class='ocr_line' id='line_1_21' title="bbox 123 1954 1181 2042; baseline 0.003 -23"><span class='ocrx_word' id='word_1_157' title='bbox 123 1958 232 2019; x_wconf 90' lang='lat' dir='ltr'>torum</span> <span class='ocrx_word' id='word_1_158' title='bbox 254 1954 508 2042; x_wconf 81' lang='lat' dir='ltr'>conflagratione</span> <span class='ocrx_word' id='word_1_159' title='bbox 533 1959 566 2021; x_wconf 92' lang='lat' dir='ltr'>et</span> <span class='ocrx_word' id='word_1_160' title='bbox 588 1957 701 2022; x_wconf 90' lang='lat' dir='ltr'>mundi</span> <span class='ocrx_word' id='word_1_161' title='bbox 723 1958 819 2024; x_wconf 84' lang='lat' dir='ltr'>ruina</span> <span class='ocrx_word' id='word_1_162' title='bbox 842 1958 955 2025; x_wconf 84' lang='lat' dir='ltr'>eadem</span> <span class='ocrx_word' id='word_1_163' title='bbox 977 1961 1142 2027; x_wconf 86' lang='lat' dir='ltr'>sententis</span> <span class='ocrx_word' id='word_1_164' title='bbox 1156 1982 1181 2022; x_wconf 77' lang='lat' dir='ltr'>eo</span> 
     </span>
     <span class='ocr_line' id='line_1_22' title="bbox 88 2044 1142 2130; baseline 0.009 -23"><span class='ocrx_word' id='word_1_165' title='bbox 88 2046 184 2108; x_wconf 89' lang='lat' dir='ltr'>4est.</span> <span class='ocrx_word' id='word_1_166' title='bbox 224 2044 297 2129; x_wconf 85' lang='lat' dir='ltr'>ipss</span> <span class='ocrx_word' id='word_1_167' title='bbox 318 2044 463 2130; x_wconf 87' lang='lat' dir='ltr'>loquitur</span> <span class='ocrx_word' id='word_1_168' title='bbox 485 2044 595 2110; x_wconf 82' lang='lat' dir='ltr'>Plato:</span> <span class='ocrx_word' id='word_1_169' title='bbox 625 2049 735 2130; x_wconf 77' lang='lat' dir='ltr'>partes</span> <span class='ocrx_word' id='word_1_170' title='bbox 759 2047 848 2112; x_wconf 92' lang='lat' dir='ltr'>orbis</span> <span class='ocrx_word' id='word_1_171' title='bbox 876 2069 961 2114; x_wconf 90' lang='lat' dir='ltr'>nunc</span> <span class='ocrx_word' id='word_1_172' title='bbox 989 2048 1142 2116; x_wconf 79' lang='lat' dir='ltr'>inundari</span> 
     </span>
     <span class='ocr_line' id='line_1_23' title="bbox 125 2131 1142 2221; baseline 0.009 -25"><span class='ocrx_word' id='word_1_173' title='bbox 125 2131 215 2218; x_wconf 88' lang='lat' dir='ltr'>dicit,</span> <span class='ocrx_word' id='word_1_174' title='bbox 242 2155 329 2198; x_wconf 90' lang='lat' dir='ltr'>nunc</span> <span class='ocrx_word' id='word_1_175' title='bbox 357 2134 492 2200; x_wconf 80' lang='lat' dir='ltr'>alternis</span> <span class='ocrx_word' id='word_1_176' title='bbox 516 2134 641 2200; x_wconf 90' lang='lat' dir='ltr'>uicibus</span> <span class='ocrx_word' id='word_1_177' title='bbox 671 2134 849 2220; x_wconf 79' lang='lat' dir='ltr'>ardescere3</span> <span class='ocrx_word' id='word_1_178' title='bbox 877 2138 910 2200; x_wconf 91' lang='lat' dir='ltr'>et</span> <span class='ocrx_word' id='word_1_179' title='bbox 933 2157 1006 2201; x_wconf 91' lang='lat' dir='ltr'>cum</span> <span class='ocrx_word' id='word_1_180' title='bbox 1029 2137 1142 2221; x_wconf 90' lang='lat' dir='ltr'>ipsum</span> 
     </span>
     <span class='ocr_line' id='line_1_24' title="bbox 123 2221 1140 2309; baseline 0.007 -24"><span class='ocrx_word' id='word_1_181' title='bbox 123 2221 279 2287; x_wconf 89' lang='lat' dir='ltr'>mundum</span> <span class='ocrx_word' id='word_1_182' title='bbox 301 2226 494 2309; x_wconf 89' lang='lat' dir='ltr'>perpetuum</span> <span class='ocrx_word' id='word_1_183' title='bbox 516 2226 549 2288; x_wconf 93' lang='lat' dir='ltr'>et</span> <span class='ocrx_word' id='word_1_184' title='bbox 570 2223 778 2289; x_wconf 89' lang='lat' dir='ltr'>insolubilem</span> <span class='ocrx_word' id='word_1_185' title='bbox 798 2223 929 2289; x_wconf 88' lang='lat' dir='ltr'>disserit</span> <span class='ocrx_word' id='word_1_186' title='bbox 948 2246 1018 2290; x_wconf 86' lang='lat' dir='ltr'>esse</span> <span class='ocrx_word' id='word_1_187' title='bbox 1037 2224 1140 2291; x_wconf 83' lang='lat' dir='ltr'>fabri·</span> 
     </span>
    </p>
   </div>
   <div class='ocr_carea' id='block_1_3' title="bbox 123 2413 1141 3531">
    <p class='ocr_par' dir='ltr' id='par_1_3' title="bbox 123 2413 1141 3531">
     <span class='ocr_line' id='line_1_25' title="bbox 196 2413 1139 2487; baseline 0.006 -20"><span class='ocrx_word' id='word_1_188' title='bbox 196 2419 251 2483; x_wconf 87' lang='grc'>3,4</span> <span class='ocrx_word' id='word_1_189' title='bbox 269 2414 363 2484; x_wconf 81' lang='lat' dir='ltr'>relege</span> <span class='ocrx_word' id='word_1_190' title='bbox 381 2414 429 2470; x_wconf 89' lang='lat' dir='ltr'>uel</span> <span class='ocrx_word' id='word_1_191' title='bbox 447 2414 471 2468; x_wconf 90' lang='lat' dir='ltr'>si</span> <span class='ocrx_word' id='word_1_192' title='bbox 489 2414 611 2469; x_wconf 78' lang='lat' dir='ltr'>romanis</span> <span class='ocrx_word' id='word_1_193' title='bbox 629 2413 721 2484; x_wconf 73' lang='lat' dir='ltr'>magis</span> <span class='ocrx_word' id='word_1_194' title='bbox 739 2413 845 2484; x_wconf 74' lang='lat' dir='ltr'>gaudes</span> <span class='ocrx_word' id='word_1_195' title='bbox 861 2416 905 2484; x_wconf 80' lang='lat' dir='ltr'>(ex</span> <span class='ocrx_word' id='word_1_196' title='bbox 919 2415 986 2487; x_wconf 82' lang='lat' dir='ltr'>dis)</span> <span class='ocrx_word' id='word_1_197' title='bbox 1000 2418 1033 2471; x_wconf 90' lang='lat' dir='ltr'>ut</span> <span class='ocrx_word' id='word_1_198' title='bbox 1045 2419 1139 2473; x_wconf 74' lang='lat' dir='ltr'>trans·</span> 
     </span>
     <span class='ocr_line' id='line_1_26' title="bbox 124 2483 1141 2556; baseline 0.006 -18"><span class='ocrx_word' id='word_1_199' title='bbox 124 2500 220 2540; x_wconf 83' lang='lat' dir='ltr'>cemus</span> <span class='ocrx_word' id='word_1_200' title='bbox 248 2487 359 2540; x_wconf 85' lang='lat' dir='ltr'>ueteres</span> <span class='ocrx_word' id='word_1_201' title='bbox 386 2484 453 2540; x_wconf 78' lang='lat' dir='ltr'>flaui</span> <span class='ocrx_word' id='word_1_202' title='bbox 479 2483 570 2554; x_wconf 90' lang='lat' dir='ltr'>iosepi</span> <span class='ocrx_word' id='word_1_203' title='bbox 598 2486 644 2553; x_wconf 75' lang='lat' dir='ltr'>(ee</span> <span class='ocrx_word' id='word_1_204' title='bbox 670 2485 788 2554; x_wconf 82' lang='lat' dir='ltr'>ioscepi)</span> <span class='ocrx_word' id='word_1_205' title='bbox 816 2485 863 2540; x_wconf 91' lang='lat' dir='ltr'>uel</span> <span class='ocrx_word' id='word_1_206' title='bbox 888 2487 1017 2542; x_wconf 76' lang='lat' dir='ltr'>antonini</span> <span class='ocrx_word' id='word_1_207' title='bbox 1040 2489 1083 2556; x_wconf 79' lang='lat' dir='ltr'>(in</span> <span class='ocrx_word' id='word_1_208' title='bbox 1106 2488 1141 2544; x_wconf 91' lang='lat' dir='ltr'>-ii</span> 
     </span>
     <span class='ocr_line' id='line_1_27' title="bbox 123 2554 1139 2623; baseline 0.005 -15"><span class='ocrx_word' id='word_1_209' title='bbox 123 2557 206 2622; x_wconf 83' lang='lat' dir='ltr'>corr.)</span> <span class='ocrx_word' id='word_1_210' title='bbox 228 2554 330 2609; x_wconf 85' lang='lat' dir='ltr'>iuliani</span> <span class='ocrx_word' id='word_1_211' title='bbox 347 2561 381 2622; x_wconf 84' lang='lat' dir='ltr'>P,</span> <span class='ocrx_word' id='word_1_212' title='bbox 403 2560 550 2623; x_wconf 66' lang='lat' dir='ltr'>praeeunte</span> <span class='ocrx_word' id='word_1_213' title='bbox 567 2554 711 2610; x_wconf 72' lang='lat' dir='ltr'>Lindeeero</span> <span class='ocrx_word' id='word_1_214' title='bbox 731 2557 829 2611; x_wconf 62' lang='lat' dir='ltr'>nemci</span> <span class='ocrx_word' id='word_1_215' title='bbox 846 2562 877 2612; x_wconf 76' lang='lat' dir='ltr'>&#39;et</span> <span class='ocrx_word' id='word_1_216' title='bbox 898 2573 933 2612; x_wconf 76' lang='lat' dir='ltr'>ec</span> <span class='ocrx_word' id='word_1_217' title='bbox 950 2558 1079 2613; x_wconf 77' lang='lat' dir='ltr'>antonini</span> <span class='ocrx_word' id='word_1_218' title='bbox 1096 2576 1139 2614; x_wconf 87' lang='lat' dir='ltr'>re·</span> 
     </span>
     <span class='ocr_line' id='line_1_28' title="bbox 123 2625 1141 2696; baseline 0.006 -17"><span class='ocrx_word' id='word_1_219' title='bbox 123 2629 198 2680; x_wconf 84' lang='lat' dir='ltr'>mute</span> <span class='ocrx_word' id='word_1_220' title='bbox 223 2626 333 2694; x_wconf 72' lang='lat' dir='ltr'>syllaba</span> <span class='ocrx_word' id='word_1_221' title='bbox 359 2625 537 2694; x_wconf 76' lang='lat' dir='ltr'>dittoprcpta</span> <span class='ocrx_word' id='word_1_222' title='bbox 557 2626 668 2681; x_wconf 75' lang='lat' dir='ltr'>restitui</span> <span class='ocrx_word' id='word_1_223' title='bbox 689 2627 842 2683; x_wconf 79' lang='lat' dir='ltr'>sollemnem</span> <span class='ocrx_word' id='word_1_224' title='bbox 864 2627 993 2684; x_wconf 68' lang='lat' dir='ltr'>mencio</span> <span class='ocrx_word' id='word_1_225' title='bbox 1016 2630 1141 2696; x_wconf 78' lang='lat' dir='ltr'>foemam</span> 
     </span>
     <span class='ocr_line' id='line_1_29' title="bbox 123 2694 1140 2768; baseline 0.001 -16"><span class='ocrx_word' id='word_1_226' title='bbox 123 2695 244 2766; x_wconf 67' lang='lat' dir='ltr'>emetur</span> <span class='ocrx_word' id='word_1_227' title='bbox 268 2695 360 2764; x_wconf 76' lang='lat' dir='ltr'>(Flaui</span> <span class='ocrx_word' id='word_1_228' title='bbox 378 2695 490 2766; x_wconf 89' lang='lat' dir='ltr'>Iosephi</span> <span class='ocrx_word' id='word_1_229' title='bbox 512 2694 559 2752; x_wconf 87' lang='lat' dir='ltr'>uel</span> <span class='ocrx_word' id='word_1_230' title='bbox 581 2697 645 2752; x_wconf 80' lang='lat' dir='ltr'>eicit</span> <span class='ocrx_word' id='word_1_231' title='bbox 661 2697 810 2766; x_wconf 77' lang='lat' dir='ltr'>Daee&#39;se&#39;ee)</span> <span class='ocrx_word' id='word_1_232' title='bbox 834 2699 845 2768; x_wconf 78' lang='grc' dir='ltr'>ΙΙ</span> <span class='ocrx_word' id='word_1_233' title='bbox 868 2704 894 2766; x_wconf 88' lang='grc'>6,</span> <span class='ocrx_word' id='word_1_234' title='bbox 913 2705 928 2754; x_wconf 79' lang='grc'><strong>7</strong></span> <span class='ocrx_word' id='word_1_235' title='bbox 947 2699 1100 2768; x_wconf 77' lang='lat' dir='ltr'>quicquam</span> <span class='ocrx_word' id='word_1_236' title='bbox 1118 2706 1140 2753; x_wconf 95' lang='lat' dir='ltr'>P</span> 
     </span>
     <span class='ocr_line' id='line_1_30' title="bbox 123 2766 1138 2839; baseline 0.004 -17"><span class='ocrx_word' id='word_1_237' title='bbox 123 2768 212 2834; x_wconf 63' lang='lat' dir='ltr'>corel</span> <span class='ocrx_word' id='word_1_238' title='bbox 232 2772 247 2821; x_wconf 78' lang='lat'><strong>7</strong></span> <span class='ocrx_word' id='word_1_239' title='bbox 265 2766 300 2821; x_wconf 90' lang='lat' dir='ltr'>iis</span> <span class='ocrx_word' id='word_1_240' title='bbox 319 2767 516 2823; x_wconf 80' lang='lat' dir='ltr'>Heumaemes:</span> <span class='ocrx_word' id='word_1_241' title='bbox 533 2766 578 2821; x_wconf 90' lang='lat' dir='ltr'>his</span> <span class='ocrx_word' id='word_1_242' title='bbox 592 2773 612 2819; x_wconf 98' lang='lat' dir='ltr'>P</span> <span class='ocrx_word' id='word_1_243' title='bbox 625 2768 665 2838; x_wconf 75' lang='lat' dir='ltr'>l9</span> <span class='ocrx_word' id='word_1_244' title='bbox 685 2768 914 2838; x_wconf 71' lang='lat' dir='ltr'>conpraehendes</span> <span class='ocrx_word' id='word_1_245' title='bbox 929 2775 961 2837; x_wconf 83' lang='lat' dir='ltr'>P;</span> <span class='ocrx_word' id='word_1_246' title='bbox 981 2769 1138 2839; x_wconf 89' lang='lat' dir='ltr'>deprehen-</span> 
     </span>
     <span class='ocr_line' id='line_1_31' title="bbox 123 2838 1139 2910; baseline 0.004 -18"><span class='ocrx_word' id='word_1_247' title='bbox 123 2838 173 2893; x_wconf 84' lang='lat' dir='ltr'>des</span> <span class='ocrx_word' id='word_1_248' title='bbox 220 2840 442 2908; x_wconf 64' lang='lat' dir='ltr'>mercenorum</span> <span class='ocrx_word' id='word_1_249' title='bbox 462 2838 609 2893; x_wconf 88' lang='lat' dir='ltr'>deficiente</span> <span class='ocrx_word' id='word_1_250' title='bbox 628 2856 704 2908; x_wconf 79' lang='lat' dir='ltr'>uque</span> <span class='ocrx_word' id='word_1_251' title='bbox 721 2841 868 2910; x_wconf 78' lang='lat' dir='ltr'>temptaui.-</span> <span class='ocrx_word' id='word_1_252' title='bbox 885 2839 1000 2896; x_wconf 85' lang='lat' dir='ltr'>difficile</span> <span class='ocrx_word' id='word_1_253' title='bbox 1016 2846 1037 2892; x_wconf 95' lang='lat' dir='ltr'>P</span> <span class='ocrx_word' id='word_1_254' title='bbox 1055 2839 1139 2896; x_wconf 83' lang='lat' dir='ltr'>dissi-</span> 
     </span>
     <span class='ocr_line' id='line_1_32' title="bbox 123 2907 1140 2979; baseline 0.004 -17"><span class='ocrx_word' id='word_1_255' title='bbox 123 2908 176 2963; x_wconf 89' lang='lat' dir='ltr'>lire</span> <span class='ocrx_word' id='word_1_256' title='bbox 195 2909 257 2964; x_wconf 88' lang='lat' dir='ltr'>Iac.</span> <span class='ocrx_word' id='word_1_257' title='bbox 277 2909 437 2964; x_wconf 78' lang='lat' dir='ltr'>Grouoee‘res</span> <span class='ocrx_word' id='word_1_258' title='bbox 460 2907 556 2964; x_wconf 82' lang='lat' dir='ltr'>dissici</span> <span class='ocrx_word' id='word_1_259' title='bbox 578 2909 629 2964; x_wconf 93' lang='lat' dir='ltr'>illo</span> <span class='ocrx_word' id='word_1_260' title='bbox 650 2909 776 2966; x_wconf 80' lang='lat' dir='ltr'>Oetleres</span> <span class='ocrx_word' id='word_1_261' title='bbox 794 2909 868 2965; x_wconf 90' lang='lat' dir='ltr'>dirui</span> <span class='ocrx_word' id='word_1_262' title='bbox 886 2911 967 2965; x_wconf 90' lang='lat' dir='ltr'>illum</span> <span class='ocrx_word' id='word_1_263' title='bbox 985 2911 1140 2979; x_wconf 73' lang='lat' dir='ltr'>Halmius,-</span> 
     </span>
     <span class='ocr_line' id='line_1_33' title="bbox 124 2980 1139 3051; baseline 0.007 -18"><span class='ocrx_word' id='word_1_264' title='bbox 124 2980 312 3049; x_wconf 78' lang='lat' dir='ltr'>inprotabile&#39;e</span> <span class='ocrx_word' id='word_1_265' title='bbox 325 2985 452 3049; x_wconf 78' lang='lat' dir='ltr'>praestet</span> <span class='ocrx_word' id='word_1_266' title='bbox 470 2984 558 3035; x_wconf 83' lang='lat' dir='ltr'>tacere</span> <span class='ocrx_word' id='word_1_267' title='bbox 580 2982 589 3051; x_wconf 84' lang='grc' dir='ltr'>ΙΙ</span> <span class='ocrx_word' id='word_1_268' title='bbox 613 2985 646 3035; x_wconf 89' lang='grc'>16</span> <span class='ocrx_word' id='word_1_269' title='bbox 665 2980 760 3050; x_wconf 88' lang='lat' dir='ltr'>coepit</span> <span class='ocrx_word' id='word_1_270' title='bbox 777 2982 802 3036; x_wconf 86' lang='lat' dir='ltr'>si</span> <span class='ocrx_word' id='word_1_271' title='bbox 819 2981 936 3037; x_wconf 86' lang='lat' dir='ltr'>desierit</span> <span class='ocrx_word' id='word_1_272' title='bbox 954 2983 1139 3040; x_wconf 79' lang='lat' dir='ltr'>Dombartus:</span> 
     </span>
     <span class='ocr_line' id='line_1_34' title="bbox 124 3050 1139 3126; baseline 0.002 -22"><span class='ocrx_word' id='word_1_273' title='bbox 124 3051 249 3120; x_wconf 88' lang='lat' dir='ltr'>coepisse</span> <span class='ocrx_word' id='word_1_274' title='bbox 278 3050 404 3105; x_wconf 86' lang='lat' dir='ltr'>desinere</span> <span class='ocrx_word' id='word_1_275' title='bbox 427 3057 447 3103; x_wconf 98' lang='lat' dir='ltr'>P</span> <span class='ocrx_word' id='word_1_276' title='bbox 469 3053 479 3120; x_wconf 81' lang='grc' dir='ltr'>[Ι</span> <span class='ocrx_word' id='word_1_277' title='bbox 503 3056 536 3106; x_wconf 79' lang='grc'>17</span> <span class='ocrx_word' id='word_1_278' title='bbox 562 3053 639 3106; x_wconf 78' lang='lat' dir='ltr'>astra</span> <span class='ocrx_word' id='word_1_279' title='bbox 661 3054 715 3121; x_wconf 81' lang='lat' dir='ltr'>(uel</span> <span class='ocrx_word' id='word_1_280' title='bbox 739 3053 814 3122; x_wconf 80' lang='lat' dir='ltr'>sera)</span> <span class='ocrx_word' id='word_1_281' title='bbox 838 3053 951 3122; x_wconf 76' lang='lat' dir='ltr'>scripsi:</span> <span class='ocrx_word' id='word_1_282' title='bbox 978 3052 1067 3107; x_wconf 80' lang='lat' dir='ltr'>muris</span> <span class='ocrx_word' id='word_1_283' title='bbox 1090 3053 1139 3126; x_wconf 63' lang='lat' dir='ltr'>Pl!</span> 
     </span>
     <span class='ocr_line' id='line_1_35' title="bbox 124 3120 1137 3193; baseline 0.003 -17"><span class='ocrx_word' id='word_1_284' title='bbox 124 3127 168 3190; x_wconf 81' lang='lat'>20,</span> <span class='ocrx_word' id='word_1_285' title='bbox 186 3127 219 3176; x_wconf 80' lang='lat'>21</span> <span class='ocrx_word' id='word_1_286' title='bbox 240 3120 340 3175; x_wconf 83' lang='lat' dir='ltr'>eadem</span> <span class='ocrx_word' id='word_1_287' title='bbox 357 3121 419 3191; x_wconf 81' lang='lat' dir='ltr'>ipsc</span> <span class='ocrx_word' id='word_1_288' title='bbox 433 3121 573 3177; x_wconf 82' lang='lat' dir='ltr'>sententis</span> <span class='ocrx_word' id='word_1_289' title='bbox 587 3125 639 3178; x_wconf 87' lang='lat' dir='ltr'>est.</span> <span class='ocrx_word' id='word_1_290' title='bbox 665 3122 791 3193; x_wconf 89' lang='lat' dir='ltr'>loquitur</span> <span class='ocrx_word' id='word_1_291' title='bbox 805 3123 886 3180; x_wconf 78' lang='lat' dir='ltr'>Pluto</span> <span class='ocrx_word' id='word_1_292' title='bbox 900 3129 932 3191; x_wconf 77' lang='lat' dir='ltr'>P3</span> <span class='ocrx_word' id='word_1_293' title='bbox 952 3124 1049 3179; x_wconf 60' lang='lat' dir='ltr'>tremet</span> <span class='ocrx_word' id='word_1_294' title='bbox 1062 3124 1137 3193; x_wconf 78' lang='lat' dir='ltr'>ipsu3</span> 
     </span>
     <span class='ocr_line' id='line_1_36' title="bbox 123 3191 1138 3265; baseline 0.004 -19"><span class='ocrx_word' id='word_1_295' title='bbox 123 3191 268 3260; x_wconf 71' lang='lat' dir='ltr'>cumipse</span> <span class='ocrx_word' id='word_1_296' title='bbox 286 3193 397 3262; x_wconf 79' lang='lat' dir='ltr'>saepius</span> <span class='ocrx_word' id='word_1_297' title='bbox 415 3193 492 3262; x_wconf 77' lang='lat' dir='ltr'>opud</span> <span class='ocrx_word' id='word_1_298' title='bbox 511 3194 672 3249; x_wconf 73' lang='lat' dir='ltr'>Minucium</span> <span class='ocrx_word' id='word_1_299' title='bbox 689 3194 764 3249; x_wconf 73' lang='lat' dir='ltr'>ualet</span> <span class='ocrx_word' id='word_1_300' title='bbox 781 3192 829 3249; x_wconf 88' lang='lat' dir='ltr'>hic</span> <span class='ocrx_word' id='word_1_301' title='bbox 847 3193 909 3265; x_wconf 88' lang='lat' dir='ltr'>ipse</span> <span class='ocrx_word' id='word_1_302' title='bbox 926 3195 987 3250; x_wconf 80' lang='lat' dir='ltr'>siue</span> <span class='ocrx_word' id='word_1_303' title='bbox 1004 3193 1092 3262; x_wconf 87' lang='lat' dir='ltr'>idem,</span> <span class='ocrx_word' id='word_1_304' title='bbox 1112 3196 1138 3250; x_wconf 77' lang='lat' dir='ltr'>sc&#39;</span> 
     </span>
     <span class='ocr_line' id='line_1_37' title="bbox 123 3263 1138 3335; baseline 0.004 -18"><span class='ocrx_word' id='word_1_305' title='bbox 123 3263 162 3318; x_wconf 87' lang='lat' dir='ltr'>ud</span> <span class='ocrx_word' id='word_1_306' title='bbox 176 3263 304 3330; x_wconf 73' lang='lat' dir='ltr'>prosim</span> <span class='ocrx_word' id='word_1_307' title='bbox 316 3265 511 3332; x_wconf 78' lang='lat' dir='ltr'>praecedentia</span> <span class='ocrx_word' id='word_1_308' title='bbox 528 3266 659 3331; x_wconf 67' lang='lat' dir='ltr'>referteo:</span> <span class='ocrx_word' id='word_1_309' title='bbox 679 3269 703 3331; x_wconf 88' lang='lat'>1,</span> <span class='ocrx_word' id='word_1_310' title='bbox 722 3270 753 3330; x_wconf 81' lang='lat'>43</span> <span class='ocrx_word' id='word_1_311' title='bbox 773 3270 798 3333; x_wconf 83' lang='lat'>9,</span> <span class='ocrx_word' id='word_1_312' title='bbox 818 3271 846 3334; x_wconf 78' lang='lat'>33</span> <span class='ocrx_word' id='word_1_313' title='bbox 868 3271 910 3333; x_wconf 89' lang='lat'>11,</span> <span class='ocrx_word' id='word_1_314' title='bbox 931 3271 959 3331; x_wconf 70' lang='grc' dir='ltr'>ῖς</span> <span class='ocrx_word' id='word_1_315' title='bbox 978 3271 1023 3332; x_wconf 80' lang='lat'>27,</span> <span class='ocrx_word' id='word_1_316' title='bbox 1042 3271 1072 3332; x_wconf 76' lang='lat'>43</span> <span class='ocrx_word' id='word_1_317' title='bbox 1093 3271 1138 3335; x_wconf 84' lang='lat'>30,</span> 
     </span>
     <span class='ocr_line' id='line_1_38' title="bbox 124 3334 1140 3405; baseline 0.006 -18"><span class='ocrx_word' id='word_1_318' title='bbox 124 3338 142 3387; x_wconf 86' lang='lat'>4</span> <span class='ocrx_word' id='word_1_319' title='bbox 161 3337 186 3388; x_wconf 84' lang='lat' dir='ltr'>et</span> <span class='ocrx_word' id='word_1_320' title='bbox 204 3337 220 3387; x_wconf 85' lang='lat'><strong>5</strong></span> <span class='ocrx_word' id='word_1_321' title='bbox 240 3334 323 3402; x_wconf 78' lang='lat' dir='ltr'>(unde</span> <span class='ocrx_word' id='word_1_322' title='bbox 342 3340 432 3390; x_wconf 81' lang='lat' dir='ltr'>tomen</span> <span class='ocrx_word' id='word_1_323' title='bbox 449 3341 474 3403; x_wconf 88' lang='grc'>4,</span> <span class='ocrx_word' id='word_1_324' title='bbox 494 3342 524 3403; x_wconf 91' lang='grc'>4,</span> <span class='ocrx_word' id='word_1_325' title='bbox 543 3337 592 3390; x_wconf 79' lang='lat' dir='ltr'>ubi</span> <span class='ocrx_word' id='word_1_326' title='bbox 610 3350 662 3405; x_wconf 77' lang='lat' dir='ltr'>quo</span> <span class='ocrx_word' id='word_1_327' title='bbox 680 3339 814 3403; x_wconf 80' lang='lat' dir='ltr'>spectetur</span> <span class='ocrx_word' id='word_1_328' title='bbox 831 3351 889 3391; x_wconf 77' lang='lat' dir='ltr'>nou</span> <span class='ocrx_word' id='word_1_329' title='bbox 902 3337 1058 3404; x_wconf 79' lang='lat' dir='ltr'>praecedit,</span> <span class='ocrx_word' id='word_1_330' title='bbox 1081 3353 1140 3392; x_wconf 77' lang='lat' dir='ltr'>eon</span> 
     </span>
     <span class='ocr_line' id='line_1_39' title="bbox 124 3403 1138 3531; baseline 0.005 -73"><span class='ocrx_word' id='word_1_331' title='bbox 124 3403 292 3531; x_wconf 56' lang='lat' dir='ltr'>gefemptur)</span> <span class='ocrx_word' id='word_1_332' title='bbox 302 3403 311 3476; x_wconf 77' lang='grc' dir='ltr'>Η</span> <span class='ocrx_word' id='word_1_333' title='bbox 321 3410 354 3460; x_wconf 82' lang='lat'>21</span> <span class='ocrx_word' id='word_1_334' title='bbox 369 3406 505 3461; x_wconf 76' lang='lat' dir='ltr'>inundare</span> <span class='ocrx_word' id='word_1_335' title='bbox 514 3411 542 3473; x_wconf 88' lang='lat' dir='ltr'>P,</span> <span class='ocrx_word' id='word_1_336' title='bbox 557 3422 625 3462; x_wconf 86' lang='lat' dir='ltr'>corr.</span> <span class='ocrx_word' id='word_1_337' title='bbox 637 3405 836 3479; x_wconf 74' lang='lat' dir='ltr'>Wopteusiusl}</span> <span class='ocrx_word' id='word_1_338' title='bbox 845 3412 880 3461; x_wconf 79' lang='lat'>23</span> <span class='ocrx_word' id='word_1_339' title='bbox 895 3405 1008 3461; x_wconf 87' lang='lat' dir='ltr'>disserit</span> <span class='ocrx_word' id='word_1_340' title='bbox 1022 3407 1138 3476; x_wconf 77' lang='lat' dir='ltr'>scripsi:</span> 
     </span>
     <span class='ocr_line' id='line_1_40' title="bbox 144 3475 279 3531; baseline 0.007 -2"><span class='ocrx_word' id='word_1_341' title='bbox 144 3475 218 3531; x_wconf 86' lang='lat' dir='ltr'>icere</span> <span class='ocrx_word' id='word_1_342' title='bbox 251 3481 279 3530; x_wconf 92' lang='lat' dir='ltr'>P.</span> 
     </span>
    </p>
   </div>
   <div class='ocr_carea' id='block_1_4' title="bbox 0 0 1238 3996">
    <p class='ocr_par' dir='ltr' id='par_1_4' title="bbox 0 0 1238 3996">
     <span class='ocr_line' id='line_1_41' title="bbox 0 0 1238 3996; baseline 0 0"><span class='ocrx_word' id='word_1_343' title='bbox 0 0 1238 3996; x_wconf 95' lang='lat' dir='ltr'> </span> 
     </span>
    </p>
   </div>
  </div>
 </body>
</html>
