2468 3996
126 132 169 199 30
486 128 629 185 uruucn
647 128 782 185 rnnrors

124 277 161 341 in
183 279 352 359 poetarum
375 273 503 340 fabellis
528 275 593 339 suis
617 275 775 340 delectata
798 274 850 339 uel
875 276 971 357 capta
993 274 1034 337 ad
1056 295 1143 340 erro·

124 387 198 430 rum
226 365 265 429 de
292 364 403 429 multis
432 363 493 428 diis
521 384 634 446 rapere
662 384 869 445 consensum,
898 384 970 428 cum
995 362 1142 446 philoso-

124 455 263 537 phorum
282 475 413 518 suorum
433 451 604 517 sententiis
622 451 797 534 refellatur,
817 451 932 535 quibus
950 455 983 515 et
1001 452 1141 518 rationis

89 561 105 610 3
126 547 158 607 et
172 543 345 608 uetustatis
364 540 496 605 adsistit
514 541 700 607 auctoritas.
724 540 902 605 maioribus
917 542 1002 604 enim
1016 543 1142 606 nostris

124 635 192 696 tam
212 630 318 695 facilis
342 631 377 695 in
400 629 574 695 mendaciis
597 629 677 693 fides
699 629 771 712 fuit,
794 634 831 694 ut
853 631 973 693 temere
997 629 1141 694 credide·
1170 649 1184 689 s

124 721 192 784 rint
214 723 247 782 et
270 718 423 783 animalia
446 721 663 800 monstruosa,
686 740 777 782 mera
799 717 972 782 miracula:
997 715 1142 802 Scyllam

125 807 346 892 multiplicem,
369 806 574 873 Chimaeram
597 807 832 872 multiformem
851 810 885 870 et
902 805 1050 891 Hydram
1068 806 1141 871 feli·

125 896 215 961 cibus
238 896 427 961 uulneribus
451 898 672 960 renascentem
696 899 729 960 et
748 893 929 960 Centauros
948 917 1048 979 equos
1072 895 1141 962 suis

127 985 316 1050 hominibus
344 984 506 1067 inplexos3
535 986 567 1048 et
590 984 741 1068 quioquid
768 984 876 1049 famae
903 984 981 1049 licet
1006 984 1140 1069 fingere,

89 1092 106 1139 4
124 1073 190 1138 illis
214 1077 284 1138 erat
305 1073 447 1139 libenter
470 1072 588 1138 audire.
625 1073 702 1156 quid
722 1071 796 1137 illas
816 1073 918 1138 aniles
936 1073 1075 1155 fabulas,
1098 1073 1139 1137 de
1156 1092 1184 1133 ro

124 1163 312 1227 hominibus
342 1183 417 1226 aues
442 1165 474 1225 et
496 1162 581 1226 feras
607 1161 709 1242 fuctus
731 1181 805 1245 esse,
832 1162 937 1227 stellas
958 1166 988 1226 et
1011 1161 1139 1244 lapides,

125 1251 257 1317 arbores
290 1254 387 1334 atque
419 1250 538 1315 flores?
571 1272 653 1335 quae
681 1251 709 1315 si
738 1254 847 1314 essent
875 1251 977 1333 facta,
1008 1250 1139 1332 fierent3

89 1340 199 1424 aquia
221 1340 293 1404 fieri
315 1361 382 1403 nou
404 1343 554 1421 possunt,
579 1338 651 1403 ideo
675 1360 734 1403 nec
757 1338 844 1403 facta
868 1342 952 1403 sunt.
990 1338 1139 1402 similiter

124 1449 200 1492 uero
224 1427 340 1492 heroas
365 1448 403 1492 ae
426 1427 502 1491 deos
528 1449 654 1511 quoque
678 1428 816 1492 maiores
840 1428 946 1493 nostri
967 1427 1138 1510 inprouide

124 1515 259 1599 creduli,
286 1520 337 1580 set
363 1515 436 1580 rudi
464 1516 672 1600 simplicitate
700 1515 916 1581 crediderunt:
946 1515 1022 1580 dum
1045 1535 1138 1600 reges
1154 1533 1182 1575 rr

124 1627 200 1669 suos
224 1605 335 1670 colunt
352 1604 516 1690 religiose,
539 1606 615 1669 dum
635 1604 805 1670 defunctos
825 1626 879 1670 eos
900 1604 1083 1670 desiderant
1101 1605 1137 1669 in

123 1694 320 1777 imaginibus
347 1693 469 1771 uidere,
498 1693 573 1757 dum
602 1694 748 1777 gestiunt
771 1715 883 1759 eorum
906 1693 1080 1758 memorias
1103 1694 1139 1758 in

124 1783 243 1846 statuis
276 1782 434 1863 detinere,
466 1803 558 1845 sacra
589 1781 675 1846 facta
708 1785 784 1846 sunt
815 1805 898 1867 quae
926 1783 1056 1846 fuerant
1083 1783 1139 1846 ad-

89 1888 105 1936 6
125 1873 256 1953 sumpta
275 1869 406 1935 solacia.
435 1869 570 1955 denique
590 1873 623 1933 et
641 1873 813 1956 antequam
833 1872 1035 1936 commerciis
1050 1871 1138 1935 orbis

124 1961 251 2044 pateret
266 1963 299 2022 et
313 1961 488 2041 antequam
506 1961 621 2042 gentes
640 1960 722 2023 ritus
742 1981 817 2025 snos
836 1980 1005 2044 moresque
1024 1959 1137 2024 misce·
1153 1979 1182 2018 2⁰

123 2051 210 2130 rent,
237 2067 449 2131 unaquaeque
476 2047 566 2112 natio
594 2047 795 2112 conditorem
823 2071 917 2113 suum
945 2053 1002 2113 aut
1024 2048 1137 2113 ducem

123 2136 280 2219 inclytum
309 2138 365 2200 aut
392 2135 539 2221 reginam
566 2137 717 2219 pudicam
746 2158 863 2202 sexuue
887 2159 946 2202 suo
969 2136 1138 2202 fortiorem

123 2229 180 2289 aut
203 2225 338 2291 alicuius
363 2225 507 2290 muneris
530 2228 583 2290 uel
605 2226 684 2291 artis
702 2229 902 2309 repertorem
920 2225 1139 2291 uenerabatur

123 2317 179 2379 aut
198 2315 302 2379 ciuem
320 2315 424 2380 bonae
443 2314 636 2380 memoriae:
660 2316 707 2380 sic
726 2318 759 2378 et
778 2313 938 2380 defunctis
956 2314 1138 2399 priemium

70 2400 114 2467 21
124 2406 156 2467 et
174 2402 294 2468 futuris
310 2402 448 2467 dabatur
462 2403 654 2486 exemplum.
680 2405 752 2486 lege
766 2403 997 2468 historicorum
1016 2403 1138 2487 scripta
1153 2420 1181 2461 2⁵

194 2633 208 2681 1
224 2627 253 2681 in
266 2628 414 2696 poctarum
427 2629 540 2697 scripsi:
554 2626 737 2696 inperitorum
752 2629 788 2701 Pl!
799 2636 822 2696 1,
832 2636 848 2683 2
859 2630 897 2684 ad
911 2647 1033 2684 errorem
1047 2631 1140 2685 mutui

121 2715 219 2768 rapere
230 2714 381 2753 consensus
390 2704 418 2768 P,
429 2701 536 2755 correxi
545 2700 642 2769 (supra
652 2716 683 2768 p.
692 2699 780 2769 XXX)
792 2701 799 2771 ll
810 2704 835 2770 ὅ,
846 2707 861 2754 6
872 2701 1042 2756 crediderint
1051 2702 1139 2756 etiam

121 2770 179 2824 alta
197 2771 373 2825 monstruosa
391 2776 411 2821 P
429 2771 516 2826 etiam
533 2770 604 2826 talia
624 2771 761 2827 Venuleius
779 2772 865 2826 etiam
884 2771 1019 2826 animalia
1038 2771 1137 2828 Gorbe-

121 2841 246 2907 liseeaas,
264 2856 314 2896 aas
332 2841 362 2894 et
380 2841 466 2897 aa’ralia
483 2843 597 2909 fecimus
614 2859 647 2897 ea
667 2843 782 2898 etiaalia
796 2845 838 2912 (et
851 2869 884 2889 =
899 2843 1138 2912 1111111111

123 2911 263 2968 oehlerus:
283 2911 355 2968 mira
372 2917 400 2980 P,
419 2912 488 2968 delet
506 2914 545 2969 ed.
561 2929 606 2982 pr.
621 2915 631 2982 ll
650 2920 665 2969 7
685 2915 839 2968 chimeram
856 2920 876 2966 1³
893 2917 897 2977 Ι
917 2914 1051 2968 feralibus
1075 2913 1137 2968 Use-

120 2999 203 3039 aerus
221 2981 361 3038 fertilibus
377 2983 491 3054 Maebly
504 2985 514 3053 ll
530 2989 561 3037 11
580 2984 671 3040 factas
686 3001 746 3039 esee
761 2986 857 3040 stellae
873 2988 902 3040 et
915 2984 1024 3054 lapides
1037 2987 1138 3055 scriyrei

121 3056 218 3124 (supra
237 3056 253 3110 l.
274 3056 316 3125 l.):
334 3055 462 3110 homines
481 3056 511 3109 et
529 3055 563 3110 de
583 3055 742 3110 hominibus
758 3061 778 3108 P
797 3074 830 3112 aa
847 3057 1008 3126 9111111113
1027 3074 1082 3110 non
1101 3073 1136 3112 m.

121 3131 137 3207 1
156 3142 177 3180 s.
198 3126 215 3182 l.
224 3128 273 3207 Ι1211
288 3132 321 3181 14
340 3143 405 3182 uero
424 3126 524 3182 heroas
542 3142 575 3182 ac
589 3127 656 3182 deos
670 3128 782 3196 sampsi:
800 3144 915 3210 acuero
930 3143 997 3197 erga
1011 3127 1079 3182 deos
1095 3128 1135 3211 Ph}

120 3196 1139 3339 terent?ortt·elsteraltttttlutattttttt

121 3343 146 3392 at
162 3337 244 3408 politi
257 3342 284 3392 et
301 3341 473 3408 turpioribus
487 3341 520 3396 de
534 3341 633 3407 cauus)
647 3340 657 3408 ΙΙ
672 3345 705 3395 18
718 3342 813 3396 malim
827 3339 947 3396 retinere
961 3343 971 3410 ΙΙ
985 3346 1018 3394 22
1034 3357 1138 3395 sexuue

121 3408 318 3464 Heumaanas:
337 3427 403 3464 sexu
421 3415 442 3462 P
459 3412 469 3480 u
487 3416 522 3465 24
540 3413 590 3466 aut
608 3410 698 3466 ciuem
722 3411 867 3468 Usenerus:
887 3413 920 3466 ut
938 3412 1028 3467 ciuem
1047 3417 1079 3478 P;
1098 3427 1139 3465 aa

120 3482 153 3535 ut
172 3479 247 3535 ciues
262 3478 277 3534 2
292 3482 348 3552 125
367 3480 564 3538 historicorum
577 3482 610 3537 P.
625 3483 730 3540 Daniel
747 3489 771 3538 et
790 3483 922 3540 Ursinus:
942 3482 1095 3538 stoicorum
1108 3487 1136 3535 P.
