2468 3996
73 198 138 252 XVI
378 195 547 252 EDITORIS
566 195 782 252 PRAEFATIO.

72 342 245 408 consilium
278 343 364 426 cepit
390 341 567 426 Minucius,
598 363 663 406 non
692 340 861 427 Octauium
894 343 950 409 hic
977 346 1086 430 potius

73 431 176 497 sodali
210 453 320 495 ueram
357 431 549 515 religionem
587 430 774 514 amplexuro
807 432 978 517 accedens,
1015 456 1086 500 cum

71 524 205 606 propter
220 541 334 584 causas
350 520 534 600 incognitas
551 540 662 584 morae
677 521 855 585 existerent
868 520 968 587 Felici
970 545 1086 607 ,prae-

72 610 177 674 cessit
217 608 304 673 unda
331 608 505 694 legendum
537 612 618 691 puto
647 607 785 672 renuit'
815 609 885 674 siue
914 609 1088 698 rennuit'‚

73 696 168 763 scil‘
171 719 206 761 se
206 695 292 782 '.(cf
310 695 441 762 Horatii
460 697 510 761 od.
528 695 619 775 135,
638 698 682 761 22
704 718 759 762 aee
776 700 915 763 comitem
933 699 1087 789 mamae).

139 808 165 850 c.
185 786 218 869 2,
239 787 259 851 3
281 787 317 850 id
338 787 481 868 temporis
498 791 571 867 post
587 787 739 850 metuam
757 789 874 851 diem
861 808 896 852 m
915 792 1089 872 temperiem

71 895 134 940 cese
153 876 348 939 autumnitas
365 875 522 958 diripebat.
556 896 651 938 sensu
671 896 780 940 carere
800 874 972 941 aestiuam
992 878 1087 943 diem'

71 964 140 1027 iure
167 985 226 1028 suo
255 966 332 1029 cont
317 963 422 1027 tendit
449 962 593 1027 Kochius
623 962 657 1045 (l
681 963 702 1026 1
730 986 760 1046 p.
785 964 879 1050 615),
911 987 978 1031 non
1006 967 1089 1033 bene

73 1074 232 1136 reponens
267 1051 445 1117 aestiuum
477 1050 652 1116 ardorem’.
694 1074 892 1137 quamquam
923 1055 1010 1119 enim
1043 1057 1089 1121 sic
1131 1086 1133 1127 ;

71 1142 261 1206 restitutum
289 1143 353 1224 est,
380 1140 464 1225 quod
493 1139 598 1204 illit
583 1139 783 1226 temperiem'
807 1144 851 1206 sit
879 1144 1088 1225 contrarium,

72 1233 220 1295 remanet
237 1232 348 1294 tamen
367 1230 501 1294 aestatis
521 1231 644 1294 mentio
663 1231 760 1314 plane
779 1218 912 1296 absona.
941 1235 1089 1317 tempore

72 1319 159 1383 enim
178 1318 414 1383 uindemiarum
434 1317 509 1402 (hoc
529 1324 579 1381 est
596 1319 704 1382 madio
723 1318 790 1383 fere
809 1341 919 1384 mense
938 1319 1089 1408 Octobri)

73 1411 246 1472 autumnus
279 1407 391 1470 mitior
419 1406 489 1470 fieri
516 1406 624 1490 eoepit
651 1428 717 1471 non
748 1413 823 1491 post
851 1409 1000 1493 aestatis,
1032 1411 1089 1475 sed

71 1499 148 1579 post
172 1495 221 1558 sui
244 1496 347 1579 ipsius
371 1496 502 1559 calores.
540 1494 659 1580 quippe
679 1497 795 1560 aestiui
816 1497 894 1562 solis
912 1497 1089 1583 flagrantia

72 1584 227 1668 perdurat
253 1584 385 1648 ineunte
409 1588 578 1668 autumno,
607 1584 692 1651 unde
715 1586 811 1649 huius
836 1589 946 1650 aestus
969 1586 1088 1654 aVer-

73 1674 151 1758 gilio
180 1671 297 1757 Georg.
320 1671 370 1737 HI
393 1674 459 1738 479
493 1673 626 1757 aliisque
657 1677 959 1739 commemorantur.
1002 1677 1088 1742 unde

74 1761 202 1826 ‘aestui
222 1759 359 1825 rabiem'
382 1762 520 1844 reposui.

139 1871 165 1914 c.
188 1850 223 1932 2,
251 1851 272 1913 4
304 1870 374 1914 eam
405 1850 539 1914 diluenlo
566 1851 610 1915 ed
634 1871 721 1915 more
747 1852 971 1917 inambulando
999 1853 1088 1919 litore

68 1958 271 2022 premeremus.
314 1960 353 2002 ex
383 1938 524 2022 hospitis
557 1939 722 2004 domicilio
752 1942 802 2005 uel
832 1962 871 2005 ex
898 1941 1088 2008 deuorsorio

72 2025 120 2113 (in
140 2027 251 2093 Ostiae
274 2030 367 2112 parte
390 2031 534 2092 extrema
558 2028 626 2092 siue
644 2027 767 2093 Romae
791 2030 941 2115 proxima
962 2031 1087 2116 posito)

72 2117 168 2181 amici
191 2116 232 2180 ad
255 2139 344 2180 mare
366 2117 616 2201 proficiscuntur
638 2119 740 2181 secuti
762 2118 914 2202 Tiberim,
938 2120 1031 2184 ouius
1054 2121 1088 2185 in

71 2205 145 2359 3ρὲ
168 2205 302 2270 sinistra
324 2205 550 2359 pertssriTagere
568 2206 661 2358 mili}
679 2228 835 2360 passululm
854 2207 1088 2361 extgndzllriatur

104 2316 186 2359 s1ae
232 2317 292 2361 ara.
329 2317 384 2359 iux
466 2317 580 2359 1er1m
600 2317 707 2359 auem
731 2317 776 2359 nu
805 2317 901 2361 omo
926 2318 979 2360 οι
1040 2319 1089 2361 rn-

73 2318 244 2449 ambulaiit
262 2382 361 2470 (quod
381 2387 495 2467 postea
513 2384 548 2447 in
568 2385 666 2448 maris
684 2384 779 2448 litore
798 2385 935 2449 faciunt:
955 2406 981 2450 c.
997 2386 1027 2470 3,
1040 2384 1088 2471 4),

73 2472 128 2536 sed
166 2473 205 2536 ad
244 2494 365 2557 aequor
399 2477 612 2555 properantes
645 2473 823 2538 ambulant.
864 2473 1087 2539 desideramus

73 2564 182 2624 autem
210 2561 366 2624 disertam
395 2560 521 2625 Tiberis
550 2561 760 2647 mentionem,
788 2566 826 2626 ut
852 2562 933 2627 illud
963 2562 1088 2629 ‘litore'

73 2670 135 2732 quo
163 2650 327 2732 pertineat
357 2649 423 2713 iam
456 2670 522 2713 non
555 2651 599 2714 sit
628 2651 810 2716 obscurum.
850 2673 927 2716 nam
955 2649 1089 2717 Gellarii

72 2738 258 2803 coniectura
289 2738 454 2803 nonnullis
487 2739 627 2822 probata
660 2738 783 2804 ‘litori'
815 2741 997 2805 reiectanea
1029 2744 1089 2827 est,

72 2849 145 2891 eum
173 2848 303 2892 necesse
331 2827 375 2891 sit
402 2831 569 2912 praeterea
597 2825 895 2916 ‘(in)ambulatum'
919 2830 971 2893 uel
996 2826 1088 2918 ‘(in)-

72 2914 295 2980 ambulaturi'.
336 2916 421 3000 quod
449 2917 523 2981 dedi
546 2917 597 2982 ‘in
626 2918 731 2981 amnis
757 2918 954 2983 ambulando
977 2917 1087 2983 litore'

73 3008 105 3069 et
129 3005 241 3069 anitii
265 3004 391 3090 origine
414 3009 448 3070 et
471 3029 489 3070 a
514 3007 674 3072 sententia
697 3003 789 3093 (dum
812 3007 846 3070 in
865 3006 990 3072 Tiberis
1014 3008 1088 3092 ripa

71 3093 291 3180 procedimus)
325 3098 473 3178 apertum
507 3099 565 3161 est.
593 3131 638 3142 —
666 3116 741 3159 mox
773 3097 863 3159 tenui
891 3095 977 3180 quod
1008 3097 1087 3161 olim

73 3182 177 3266 (lectt.
209 3185 264 3248 lat.
297 3205 327 3265 p.
356 3182 415 3270 23)
455 3185 609 3268 proposui
647 3182 829 3269 ‘uegetaret
862 3204 934 3248 cum
968 3185 1087 3250 eximia

71 3271 243 3354 uoluptate
267 3271 328 3337 et':
356 3273 463 3357 pueris
487 3273 626 3338 fortasse
650 3272 773 3338 harena
796 3273 945 3358 uestigiis
969 3273 1087 3339 cedens

72 3360 224 3423 eximiam
258 3361 362 3425 adfert
389 3363 602 3446 uoluptatem,
634 3362 724 3427 nullo
751 3366 848 3447 pacto
877 3363 955 3426 uiris
983 3362 1087 3447 seriis,

73 3449 128 3532 qui
159 3450 370 3514 recreationis
394 3451 585 3535 indigentes
616 3473 687 3515 cum
720 3473 809 3515 mare
840 3455 988 3536 peterent
1020 3452 1086 3516 iam

72 3559 199 3602 summa
223 3560 295 3604 eum
318 3538 487 3623 uoluptate
511 3544 644 3605 uentum
669 3539 863 3605 matutinum
883 3541 925 3604 ab
945 3561 1086 3625 aequore
