2468 3996
149 187 241 243 XXVI
453 183 623 245 ,EDITORIS
642 184 857 242 PRAEFATIO.

150 331 205 396 sed
228 331 325 395 etiam
351 330 384 395 id
407 330 493 414 quod
516 351 556 395 ex
585 330 642 396 illo
666 330 810 396 nascitur
833 334 866 396 et
888 331 1049 416 originem
1072 334 1164 401 ducit

147 421 296 485 denotatt
333 419 521 504 genetiuum
558 440 674 484 caueae
710 424 804 504 potes
842 420 1017 503 appellare.
1059 423 1165 489 ueluti

149 507 261 573 Cicero
285 529 331 572 or.
354 510 375 588 ξ
398 507 460 572 185
486 509 674 573 necessitatis
695 509 825 573 iuuenta
848 508 991 574 scribens
1014 509 1094 576 dicit
1116 512 1165 577 in·

148 600 245 661 nanta
274 617 355 681 quae
383 616 422 660 ex
454 596 647 660 necessitate
679 598 845 682 tamqnam
878 618 976 662 causa
1008 599 1164 666 efficienti

147 687 338 770 gignuntur,
370 705 429 748 nec
458 684 550 748 aliter
574 681 694 749 Caesar
722 685 754 750 b.
776 706 802 750 c.
825 683 841 748 I
865 686 908 751 74
935 687 1057 752 edilium
1083 709 1163 754 cora

147 773 352 838 mandationis
373 772 494 837 heluat
515 774 559 838 ud
580 771 754 857 Oamurem,
782 773 844 839 hoc
867 777 931 856 eet,
955 774 1080 841 aditum
1102 799 1163 862 per

148 861 462 926 commendationem
494 861 649 926 effectam.
695 865 727 926 et
759 861 805 927 sic
831 861 993 927 Minucius
1025 885 1052 929 c.
1076 865 1112 949 2,
1140 867 1162 931 3

146 951 284 1014 auiditas
305 950 449 1014 deaderii
471 947 567 1033 (qnae
591 971 630 1012 ex
653 947 838 1037 desiderio),
866 951 942 1015 ibid.
965 953 1164 1020 assiduitates

146 1058 221 1103 usus
243 1035 314 1125 (qni
333 1059 372 1102 ex
391 1037 520 1102 assidua
538 1037 745 1122 praesentia),
768 1060 793 1105 c.
810 1039 861 1120 14,
876 1040 894 1104 7
912 1040 990 1121 fides
1006 1042 1164 1123 confessae

142 1127 308 1210 probitatis
331 1125 427 1210 (quae
450 1147 489 1189 ex
514 1126 662 1190 confessa
690 1123 882 1213 probitate),
909 1149 936 1192 c.
954 1129 1007 1212 26,
1026 1130 1046 1195 8
1069 1151 1164 1197 ,error

143 1215 315 1297 prauitatis
342 1213 412 1298 (qui
440 1235 478 1278 ex
506 1211 696 1300 pronitate),
728 1236 755 1280 c.
774 1216 864 1298 30,1
896 1216 968 1296 fata
993 1218 1162 1285 uuluaum

148 1300 245 1388 (quae
274 1325 312 1366 ex
339 1303 528 1367 uulneribus
558 1301 745 1388 profluunt).
787 1307 820 1368 et
846 1303 921 1369 binc
949 1306 1161 1391 corrigendus

148 1395 197 1455 est
224 1392 314 1455 locus
344 1412 370 1454 c.
392 1392 446 1473 28,
468 1391 489 1454 6
519 1392 680 1457 wemoues
707 1393 751 1456 ad
775 1393 976 1459 execrationis
1001 1393 1162 1463 aeaeae

145 1481 357 1560 imperitorum
371 1499 461 1544 aures
477 1481 632 1562 alcaeus,
642 1500 699 1545 uos
711 1479 904 1564 referserunt,
917 1481 973 1546 nbi
986 1487 1161 1568 propterea

146 1568 231 1651 qnod
262 1566 379 1632 horror
410 1571 558 1650 procreat
587 1569 822 1633 execrationem
850 1574 900 1634 ert
926 1572 1160 1639 remorandum

148 1657 281 1721 solitum
308 1656 423 1719 uitium
453 1657 500 1722 ita
528 1655 579 1720 ‘ad
609 1658 846 1722 execrationem
873 1657 1031 1725 horrorie'
1060 1658 1159 1746 (quae

148 1745 343 1808 exhortore
371 1741 527 1829 profluit).
568 1748 601 1808 et
625 1746 670 1810 sic
694 1746 794 1809 ceteri
818 1746 881 1811 loci
905 1768 924 1810 a
947 1744 1058 1814 Sittlio
1082 1770 1158 1815 con·

147 1833 230 1916 gesti
252 1831 320 1895 fere
344 1853 460 1896 omnes
480 1832 662 1916 explicandi
685 1832 801 1918 (ueluti
825 1832 996 1900 ‘auaritiae
1019 1837 1159 1922 cupido',

145 1920 248 1985 ‘dolus
272 1918 430 2006 frandis').
1139 1968 1145 1977 -

212 2030 237 2073 c.
255 2009 309 2091 14,
326 2011 342 2074 1
362 2008 450 2073 bomo
463 2007 633 2073 Plautinae
644 2011 822 2092 prosapiae,
840 2017 877 2075 ut
892 2013 1048 2093 pistorum
1064 2034 1158 2096 pruo-

145 2100 261 2180 cipuus‚
284 2099 330 2161 ita
352 2102 526 2178 postremas
548 2097 810 2180 pbilosophorum.
849 2101 950 2185 uulgo
970 2123 1043 2166 cum
1061 2100 1158 2168 Plau·

144 2187 248 2250 tinam
271 2186 456 2270 prosapiam
479 2187 661 2270 acciperent
683 2188 813 2251 turbam
835 2187 1005 2254 hominum
1023 2186 1057 2254 et
1078 2213 1159 2275 pau·

145 2277 273 2359 portate
305 2278 338 2338 et
374 2274 580 2359 ignobilitate
617 2275 854 2361 despectorum,
887 2281 943 2341 aut
973 2278 1034 2344 hoe
1067 2279 1159 2363 ipsos

144 2364 275 2428 infimae
307 2362 430 2428 farinae
462 2363 610 2428 homines
644 2363 782 2429 indicari
809 2366 971 2449 putabant
998 2367 1159 2433 recordati

146 2451 256 2517 Plauti
278 2452 312 2516 in
330 2452 468 2534 pistrina
487 2473 619 2534 operam
639 2457 696 2516 aut
714 2449 896 2518 Stieberum
919 2456 1023 2519 secuti
1043 2455 1157 2540 ‘pisto-

145 2539 233 2603 rum'
261 2539 296 2601 in
325 2538 607 2603 ‘christianorum'
637 2543 853 2607 mutauerunt.
899 2543 954 2607 sed
987 2543 1157 2612 Halmium

144 2629 207 2693 hoo
239 2630 457 2691 commentum
487 2628 760 2714 palaeographice
788 2630 1011 2696 defendentem
1039 2632 1168 2700 fefellit·

144 2717 237 2796 retio,
256 2718 293 2779 ut
311 2715 376 2779 iam
395 2719 522 2780 monuit
535 2715 699 2800 Hauptiue
714 2740 822 2801 opusc
836 2718 886 2783 III
904 2742 935 2804 p.
949 2720 1023 2787 397.
1051 2742 1157 2805 neque

145 2826 206 2891 ego
230 2803 316 2867 istud
339 2805 532 2869 uocabulum
561 2806 655 2870 aliter
676 2828 829 2890 nmquam
856 2810 891 2871 in
915 2807 1079 2874 codicibus
1103 2832 1157 2876 ex·

145 2913 270 2976 aratum
298 2910 409 2973 inueni
437 2932 533 2993 quam
561 2911 610 2976 ita
638 2911 862 2996 ‘xpianorum',
893 2913 977 2978 unde
1007 2914 1046 2978 de
1077 2936 1157 2980 oon-

144 3002 285 3066 iecturae
317 2998 404 3062 illiue
436 2999 668 3080 probabilitate
701 3002 835 3064 multum
867 3001 1058 3067 detrahitur.
1099 3004 1157 3069 sed

143 3093 250 3154 totum
274 3087 417 3170 opinioni
440 3087 489 3150 illi
512 3087 755 3152 fundamentum
779 3089 958 3155 detractum
982 3093 1041 3170 est,
1064 3096 1157 3176 poet-

145 3200 242 3262 quam
275 3175 311 3240 G.
341 3173 492 3241 Goetzins
524 3198 606 3240 mus.
633 3176 736 3241 Rben.
760 3177 803 3242 34
833 3201 864 3261 p.
887 3179 953 3243 496
977 3201 1046 3264 sqq.
1074 3181 1156 3246 locis

143 3265 406 3348 Hieronymianis
434 3264 561 3329 innixus
589 3266 711 3348 docuit,
738 3265 880 3331 familiae
904 3267 1073 3332 Plautinae
1098 3268 1156 3335 ho·

142 3354 262 3418 minem
287 3352 349 3415 dici
373 3374 459 3435 eum,
487 3355 542 3436 qui
565 3353 654 3417 canis
677 3353 711 3417 in
735 3376 857 3419 morem
881 3357 980 3419 latret
1003 3359 1036 3419 et
1057 3357 1155 3422 dente

141 3442 236 3506 rodat
258 3441 448 3524 laceretque.
486 3443 532 3504 sic
552 3445 661 3505 autem
680 3443 794 3523 acerbe
813 3447 909 3508 uocat
932 3444 1155 3511 aduersarium

142 3529 313 3611 Caecilius,
341 3528 460 3613 quippe
489 3529 539 3592 cui
568 3531 725 3596 manserit
754 3532 822 3596 alta
849 3535 956 3597 mente
983 3536 1154 3617 repostum
