2468 3996
395 218 563 276 EDITORIS
581 219 799 276 PRAEFATIO.
1003 223 1107 280 XXXV

161 471 264 554 [Haec
283 471 382 536 editio
402 473 477 536 ante
497 471 577 536 duos
597 476 631 536 et
649 472 735 554 quod
749 472 874 537 excedit
888 494 991 538 annos
1006 476 1104 540 cartis

93 563 248 626 mandata
266 562 395 644 iamque
414 560 611 643 bibliopolae
631 561 789 624 mittenda
803 583 875 625 cum
889 566 960 626 tum
975 563 1103 646 quidem

92 651 135 715 ob
160 671 288 730 causas,
314 670 394 732 quas
417 648 471 711 hic
495 670 654 731 exponere
676 648 759 712 nihil
782 651 913 732 attinet,
942 652 1027 734 typis
1052 673 1103 715 ox-

93 739 190 821 primi
222 737 396 823 nequierit,
428 758 513 800 nunc
544 759 649 820 pauca
682 737 847 802 adicienda
875 742 960 803 sunt.
1005 743 1038 803 et
1065 740 1103 804 de

93 827 229 890 Minucii
265 825 393 909 quidem
431 831 538 889 aetate
574 825 706 889 interim
743 826 916 909 prudenter
953 827 1104 892 disseruit

91 915 126 978 P.
146 912 322 979 Schwenke
341 913 590 997 l‘Jahrbuecher
613 915 684 978 fuer
705 915 978 997 protestantische
998 915 1102 981 Theo-

92 1002 200 1088 logie',
226 1004 325 1085 1883,
347 1025 378 1085 p.
402 1003 466 1066 263
482 1000 575 1088 sqq),
603 1003 656 1085 qui
681 1003 752 1066 aliis
777 1004 957 1068 rationibus
980 1005 1103 1088 ductus,

92 1113 172 1175 quas
196 1112 262 1155 non
287 1091 355 1155 sine
377 1091 486 1155 fructu
505 1113 578 1156 oum
597 1092 677 1156 meis
696 1092 909 1176 comparabis,
932 1115 1017 1156 anno
1039 1093 1102 1157 fere

94 1181 158 1244 160
181 1179 354 1245 Octauium
382 1181 539 1261 scriptum
568 1201 637 1243 esse
665 1181 815 1262 optinuit.
856 1181 890 1244 in
912 1181 975 1246 hoc
999 1181 1039 1245 ab
1064 1202 1101 1245 eo

93 1268 264 1350 dissentio,
297 1268 381 1351 quod
415 1289 496 1351 quae
524 1289 549 1332 c.
574 1268 626 1348 18,
649 1268 735 1332 5-7
764 1269 916 1355 leguntur
945 1270 1102 1352 quadrare

91 1357 225 1440 negauit
252 1357 287 1419 in
310 1357 444 1420 duorum
471 1357 566 1420 simul
588 1356 821 1443 imperatorum
843 1378 980 1442 regnum
1005 1355 1101 1443 (quae

92 1451 143 1509 est
162 1466 329 1509 mea-sane
349 1445 512 1508 sententia
530 1467 628 1529 supra
648 1468 677 1529 p.
693 1444 757 1509 VII
771 1446 941 1529 exposita).
972 1451 1102 1511 tantum

91 1534 176 1597 enim
201 1534 293 1599 abest
316 1537 352 1597 ut
376 1533 416 1596 ad
436 1555 530 1596 suum
548 1534 595 1596 ibi
613 1537 741 1616 tempus
760 1535 914 1617 respiciat
932 1534 1102 1619 Minucius,

92 1625 128 1685 ut
145 1621 254 1704 potius
274 1643 312 1686 ex
331 1643 411 1685 aeuo
431 1621 580 1686 fabuloso
600 1627 633 1685 et
651 1622 807 1704 pristinae
823 1623 1022 1704 reipublicae
1037 1623 1100 1688 uo-

91 1731 206 1775 manae
229 1710 367 1774 historia
390 1709 538 1792 exempla
556 1713 648 1793 petat
667 1709 708 1774 ad
727 1711 955 1775 stabiliendam
974 1715 1101 1775 senten-

90 1798 171 1862 tiam
200 1798 244 1862 in'
263 1804 525 1882 argumentorum
555 1800 637 1863 serie
662 1800 748 1863 ultro
772 1821 806 1863 se
830 1799 1018 1864 offerentem
1041 1821 1101 1864 neo

91 1887 272 1969 quaesitam
287 1909 431 1971 quaeque
446 1887 505 1951 sub
521 1889 613 1952 bonis
629 1888 757 1971 quidem
769 1888 1020 1971 imperatoribus
1032 1888 1101 1952 sine

92 1975 233 2055 periculo
262 1976 315 2040 uel
344 1997 363 2039 a
391 1976 577 2040 cautissimo
600 1977 635 2040 in
658 1976 799 2041 medium
822 1975 961 2060 proferri
984 1977 1100 2059 potuit.

157 2113 222 2180 Sor.
245 2138 356 2181 mense
380 2116 559 2182 Nouembri
582 2140 610 2182 a.
637 2118 745 2198 1885]
