2468 3996
73 195 137 250 XIV
382 193 550 248 EDITORIS
569 193 784 251 PRAEFATIO.

74 342 231 425 quantum
259 342 312 404 uel
340 340 388 404 sic
414 340 574 423 profuerit
596 338 687 402 Felix
714 340 796 403 bene
824 360 950 403 memor
977 338 1027 404 ita
1051 341 1092 406 da

74 452 112 496 eo
135 429 292 494 iudicauit
316 428 361 512 [V
379 429 410 509 l]
434 428 528 493 taius
556 429 631 492 later
728 428 879 509 declarat,
905 449 1001 509 qaam
1025 431 1093 495 ida

72 539 149 583 neas
169 519 311 583 acritate
333 519 471 583 adsertor
493 537 554 582 csse
574 518 737 602 potalssct,
763 518 795 581 si
818 537 850 581 sc
872 522 969 580 totam
992 519 1037 582 cd
1058 520 1095 584 id

74 609 211 672 stadium
243 607 425 672 contulisset.
467 628 562 690 quam
593 605 721 670 laudem
750 606 817 670 siue
847 607 1091 672 excusationem

74 696 255 761 aMiuucio
274 696 394 779 quippe
415 696 514 760 studii
537 695 625 758 illius
643 696 896 778 bene-compote
916 695 1090 760 defenden-

74 785 148 848 dam
171 785 364 869 putauerim.

556 928 602 1000 ΙΙ.

141 1049 295 1116 Octauius
311 1050 469 1134 dialogus,
488 1070 564 1112 casu
582 1051 738 1128 seruatus,
758 1047 799 1111 ad
813 1047 953 1112 medium
970 1071 1087 1116 aeuum

72 1140 223 1224 peruenit
263 1140 297 1203 in
333 1139 497 1203 uolumine
535 1137 674 1221 quodam
715 1136 886 1200 admodum
925 1146 1089 1222 corrupto,

74 1230 193 1312 quippe
226 1227 312 1313 quod
343 1249 410 1291 non
443 1226 548 1291 solum
577 1248 597 1290 a
624 1225 757 1290 librario
785 1246 942 1310 perquam
977 1229 1087 1311 negle-

73 1325 189 1402 genter
212 1320 377 1380 exaratum
402 1313 516 1401 (testes
541 1336 587 1378 ex.
611 1336 659 1398 gr.
680 1317 852 1379 uerborum
877 1315 1089 1381 traiectiones

73 1407 176 1470 multo
196 1428 294 1490 quam
312 1406 413 1488 uulgo
433 1404 566 1468 credunt
589 1402 791 1486 crebriores),
814 1403 868 1467 sed
890 1405 989 1467 etiam
1013 1427 1088 1488 pos·

74 1495 209 1558 sessoris
236 1494 287 1558 sui
309 1495 417 1557 uarias
445 1493 678 1557 inmutationes
702 1500 735 1555 et
758 1491 978 1557 additamenta
1002 1499 1091 1558 esset

72 1605 214 1667 passum.
254 1605 360 1667 nequa
388 1581 528 1646 cessauit
559 1582 623 1645 ista
655 1581 845 1664 deprauatio
874 1582 954 1664 ipsis
988 1583 1088 1647 medii

73 1672 146 1736 aeui
168 1673 379 1756 temporibua
403 1671 519 1755 quibus
542 1670 604 1734 hoc
628 1670 817 1754 opusculum
839 1670 984 1734 Arnobio
1005 1676 1088 1735 tam-

73 1783 171 1843 quam
203 1761 286 1825 liber
319 1764 453 1824 octauus
485 1758 645 1842 adhaesit3
679 1781 698 1822 a
726 1781 790 1842 qua
817 1760 973 1823 societate
1007 1761 1088 1824 illud

71 1850 224 1913 liberauit
238 1870 379 1932 ueroque
395 1848 517 1911 auctori
536 1846 675 1911 reddidit
688 1846 881 1912 Franciscus
900 1847 1088 1914 Balduinus.

73 1937 173 2001 codex
192 1942 299 2001 aut-em
316 1937 482 2001 Parisinus
498 1937 582 2000 1661
600 1958 681 2000 saec.
697 1935 742 1999 IX
757 1935 825 2020 (P),
844 1937 881 1999 de
897 1958 961 2020 quo
976 1938 1088 2001 uiden·

73 2027 131 2090 dus
156 2030 207 2090 est
230 2026 481 2110 diligentissima
504 2026 667 2089 enarratio
691 2024 946 2089 Reifferscheidii
970 2024 1087 2109 (praef.

73 2115 209 2180 Arnobii
232 2138 263 2199 p.
278 2114 358 2178 VIII
382 2111 466 2200 sqq.)
495 2117 609 2178 unicus
637 2120 745 2177 textus
770 2114 989 2178 constituendi
1013 2115 1088 2201 fons

73 2207 139 2288 est3
172 2226 248 2268 nam
282 2207 315 2268 et
347 2205 431 2268 liber
463 2202 594 2286 quidam
626 2201 849 2266 Bruxeliensis
883 2207 915 2266 et
948 2206 1088 2269 Arnobii

73 2293 172 2358 editio
191 2293 342 2378 princeps
357 2292 505 2357 Romana
523 2315 549 2356 a.
567 2291 692 2376 154321‘)
706 2292 779 2355 inde
798 2291 968 2355 fluxerunt
996 2294 1087 2358 cuius

73 2382 192 2447 codicis
216 2406 235 2447 a
258 2384 365 2467 prima
388 2404 486 2445 manu
506 2402 683 2463 numquam
701 2380 736 2444 in
755 2380 835 2444 locis
855 2382 1015 2464 corruptis
1036 2385 1090 2447 est

72 2471 297 2535 recedendum:
319 2494 382 2554 quo
402 2491 503 2553 usque
523 2491 639 2531 manus
658 2469 799 2532 secunda
817 2471 993 2533 correctrix
1012 2492 1087 2552 pro-

72 2561 206 2623 cesserit
232 2559 472 2641 interpolando,
500 2579 564 2622 nou
590 2564 680 2621 extat
706 2558 878 2621 inlustrius
902 2560 1087 2641 exemplum

72 2669 169 2731 quam
198 2669 224 2711 c.
243 2649 296 2729 28,
316 2649 344 2711 7.
386 2647 661 2710 accuratissimam
686 2650 793 2710 autem
817 2648 903 2711 illius
928 2648 1088 2712 conlatio-

71 2758 146 2799 nem
166 2758 237 2800 cum
262 2737 460 2800 instituisset
480 2737 516 2800 A.
536 2735 777 2817 Laubmannus,
801 2733 834 2800 O.
854 2735 1004 2799 Halmius
1028 2739 1089 2800 illa

72 2847 149 2888 usus
186 2826 327 2908 primum
364 2826 411 2888 ita
447 2825 610 2888 recensuit
644 2823 822 2888 Minucium
856 2824 1088 2900 (Vindobonae

74 2910 191 2999 1867),
218 2919 255 2977 ut
277 2919 400 2978 certum
424 2935 487 2996 quo
512 2913 693 2977 emendatio
718 2913 814 2976 inniti
837 2919 948 2996 posset
971 2914 1088 2978 funda·

72 3009 217 3067 mentum
250 3002 470 3083 exhiberetur3
501 3003 649 3085 idemque
683 3008 716 3065 et
747 3003 890 3084 priorum
925 3003 1084 3067 editorum

72 3093 321 3176 criticorumque
345 3096 528 3155 commenta
553 3091 694 3173 plurima
713 3091 845 3175 collegit
864 3096 896 3155 et
918 3093 987 3174 ipse
1007 3113 1087 3155 non-

71 3182 162 3244 nulla
193 3182 275 3245 uitia
306 3181 389 3244 bene
422 3181 568 3245 correxit.
614 3180 679 3243 inm
714 3181 854 3243 inmanis
893 3179 1085 3246 mendorum

142 3337 169 3402 *l
194 3336 292 3391 notaui
314 3339 354 3392 cd.
378 3355 439 3407 pn,
468 3342 500 3390 ut
522 3343 617 3391 tamen
640 3354 696 3391 non
721 3355 816 3392 omnes
839 3337 974 3392 lectiones
999 3337 1085 3392 falsas

71 3407 230 3476 nulliusque
250 3409 333 3476 pretii
352 3410 417 3463 inde
437 3412 587 3462 enatarem.
621 3407 670 3462 ubi
689 3407 855 3463 lectionibus
873 3407 993 3462 Parisini
1012 3407 1085 3461 nihil

70 3480 120 3605 quq
141 3478 295 3605 adiecqrsrm
323 3498 341 3535 a
362 3482 490 3535 Romana
517 3478 671 3548 scripturas
698 3480 727 3534 iri
753 3485 861 3534 textum
885 3480 1012 3549 receptas
1036 3495 1085 3534 ex-

92 3569 100 3604 1
122 3569 162 3605 err
181 3568 221 3605 scr
253 3592 259 3606 .
